2540 3802
529 153 769 220 -246-

139 321 223 399 calet,
243 337 328 380 cerae
346 318 485 379 Ponticae
504 320 534 377 in
554 318 665 378 frustra
684 317 820 378 redactae
835 317 866 378 P.
881 317 902 396 l,
922 317 979 378 olei
998 319 1069 378 irini
1085 319 1119 381 P.
1133 321 1154 398 l,

139 408 198 469 olei
217 410 332 488 cyprini
350 407 382 467 P.
397 407 418 488 l,
437 407 495 467 olei
514 407 621 466 laurini
640 405 671 466 P.
692 405 713 487 l,
733 406 791 466 olei
809 409 918 466 veteris
937 406 968 467 P.
984 406 1019 486 ll,
1039 409 1154 486 piperis

140 497 199 558 albi
222 499 340 558 contusi
363 504 393 556 et
416 515 470 575 per
493 497 702 556 tenuissimum
728 495 861 555 cribrum
885 497 1054 556 transmissi
1073 495 1098 555 ll
1119 497 1154 576 ll,

138 585 274 665 pyrethri
301 587 420 645 contusi
448 593 478 644 et
500 603 554 663 per
577 584 656 644 idem
680 583 813 644 cribrum
837 585 955 644 traiecti
973 584 999 643 ll
1018 583 1038 645 l.
1074 584 1156 647 Haec

138 677 170 734 in
193 693 286 736 untrm
309 675 485 752 miscemur,
514 675 670 752 reponitur
694 672 942 733 medicamentum
965 691 1034 732 vaso
1058 673 1181 736 fictilis

138 761 222 823 Facit
232 769 351 842 praeter
365 761 530 822 remedium
544 760 712 822 lumborum
729 770 758 821 et
770 761 806 821 ad
817 779 934 821 omnem
944 760 1078 821 dolorem
1089 781 1156 824 cor·

138 853 221 929 poris
240 859 270 911 et
289 869 458 929 nervorum,
477 849 632 912 muliebria
653 869 772 930 quoque
789 849 852 910 loca
868 849 1026 910 durissima
1045 851 1156 933 mollit,

139 958 207 1000 oum
227 940 278 1000 diu
293 938 358 999 aliis
372 938 597 1000 medicamentis
612 938 686 998 nihil
699 939 866 1017 proiectum
882 945 936 1018 est,
950 939 1007 998 hoc
1021 940 1156 1016 prodest

102 1041 119 1088 3
227 1027 382 1108 Malagma,
410 1028 489 1107 quod
516 1030 637 1107 proprie
661 1028 731 1088 lacit
754 1028 789 1088 ad
813 1027 982 1088 lumborum
1006 1027 1156 1090 dolorem:
1263 1035 1264 1054 ¹

138 1117 218 1178 Picis
237 1116 366 1195 liquidae
385 1114 416 1176 θ
436 1116 471 1197 11,
495 1117 552 1176 olei
573 1119 683 1177 veteris
702 1114 733 1176 θ
753 1116 774 1196 l,
798 1118 914 1176 resinae
933 1115 1154 1178 terebinthinae
1170 1131 1196 1172 1o

138 1205 169 1266 P.
193 1206 219 1285 l,
248 1223 333 1266 cerae
362 1205 393 1265 P.
418 1204 458 1285 ll,
487 1223 611 1265 mannae
635 1203 665 1264 P.
692 1205 802 1285 bessis,
830 1205 966 1265 afronitri
993 1204 1024 1265 P.
1048 1207 1155 1268 triens,
1263 1263 1264 1270 ,

139 1293 285 1373 Coquitur
307 1295 357 1372 pix
381 1311 450 1354 cum
474 1293 547 1374 oleo,
571 1293 665 1353 donec
689 1295 783 1371 spissa
807 1294 870 1374 fiat3
894 1301 961 1372 post
984 1293 1040 1353 hoc
1062 1294 1155 1354 adici·
1263 1283 1264 1360 l

138 1390 188 1442 tur
216 1384 328 1462 resina,
356 1382 463 1442 deinde
491 1400 560 1442 cera
588 1390 617 1441 et
645 1381 808 1442 secundum
836 1382 913 1442 hanc
937 1399 972 1441 ex
996 1382 1154 1443 intervallo
1263 1385 1264 1420 ³

137 1489 252 1532 manna.
287 1471 344 1532 Ubi
363 1470 517 1550 emplastri
535 1470 655 1531 habebit
674 1471 798 1550 figuram
818 1471 1075 1548 medicamentum,
1098 1472 1155 1532 tol·

137 1559 217 1622 letur
238 1559 274 1620 ab
293 1563 361 1638 igne
381 1568 411 1621 et
429 1579 496 1621 cum
517 1568 671 1638 tepescere
691 1561 831 1639 coeperit,
855 1560 1032 1619 afronitrum
1051 1575 1194 1638 asper-15

138 1659 226 1728 getur
249 1651 369 1730 sensim,
392 1667 430 1708 ne
454 1649 687 1730 superfundatur
710 1648 789 1726 quod
813 1650 844 1708 in
867 1647 993 1708 caccabo
1017 1655 1070 1708 est.

103 1747 121 1796 4
228 1738 369 1817 Malagma
389 1737 425 1798 ad
440 1756 558 1799 ornnem
572 1737 704 1798 dolorem
721 1746 851 1797 veterem
866 1755 903 1796 ex
918 1735 1048 1815 qualibet
1063 1755 1156 1798 causa

138 1828 258 1907 lactum,
277 1828 437 1906 praecipue
457 1827 492 1887 ad
508 1826 677 1888 lumborum
692 1825 834 1906 dolorem,
853 1827 909 1886 sic:
929 1823 1057 1884 Bidellae
1077 1824 1156 1906 llll,

139 1918 263 1976 storacis
293 1915 373 1994 llV,
402 1917 506 1995 oesypi
534 1914 617 1994 all,
646 1916 820 1975 ammoniaci
843 1913 868 1973 ll
892 1911 925 1993 V,
953 1915 1065 1992 piperis
1094 1913 1154 1974 albi

138 2003 224 2084 llll,
249 2006 325 2064 turis
349 2003 374 2063 ll
394 2003 425 2083 V,
449 2004 588 2064 bacarum
613 2004 689 2063 lauri
712 2002 743 2062 P.
763 2002 789 2080 1,
816 2000 1036 2062 terebinthinae
1060 2001 1085 2061 ll
1105 2001 1155 2084 Vl,
1171 2017 1196 2057 ao

138 2095 317 2173 opopanacis
341 2092 366 2152 ll
389 2092 429 2172 ll,
458 2093 553 2171 adipis
581 2095 689 2152 taurini
719 2090 743 2150 li
768 2090 817 2169 Vl,
846 2090 991 2150 medullae
1015 2092 1154 2152 cervinae

43 2220 48 2226 ·
138 2181 164 2242 ll
189 2181 220 2261 V,
243 2180 375 2260 propolis
399 2179 429 2240 P.
455 2181 489 2259 S,
517 2179 574 2240 olei
603 2182 712 2240 veteris
735 2179 766 2240 P.
790 2179 815 2252 1,
844 2197 929 2240 cerae
953 2178 983 2238 P.
1007 2178 1046 2257 ll,
1075 2183 1154 2240 turis

138 2269 257 2348 pollinis
275 2269 306 2329 P.
326 2269 347 2329 l.
383 2268 497 2349 Oleum,
521 2285 598 2348 cera,
622 2270 729 2346 resina,
752 2267 885 2346 propolis
908 2267 1078 2348 liquefiunt,
1103 2267 1154 2328 de·

138 2358 207 2418 inde
227 2359 303 2417 turis
317 2357 437 2436 pollinis
451 2357 569 2437 pondus
584 2358 723 2436 superius
738 2357 850 2417 dictum
865 2357 992 2416 adicitur
1008 2363 1038 2416 et
1052 2365 1153 2417 cetera

138 2446 306 2506 minutatim
326 2446 372 2506 vel
390 2448 421 2506 in
441 2463 533 2506 unum
553 2452 687 2524 contusa,
708 2453 810 2523 postea
834 2445 1044 2523 decoquuntur
1062 2445 1152 2505 simul
1168 2459 1197 2500 as

139 2535 250 2614 omnia,
274 2552 473 2614 opopanacem
497 2552 567 2594 sane
592 2534 657 2594 oleo
681 2533 754 2594 dilui
777 2535 861 2612 prius
885 2541 1011 2612 oportet.

103 2631 119 2680 5
226 2621 483 2697 Medicamentum,
508 2622 586 2701 quod
611 2623 682 2682 facit
700 2621 736 2682 ad
756 2641 859 2682 omnes
879 2622 1082 2684 membrorum
1101 2623 1152 2682 do-

138 2712 230 2792 lores,
260 2711 339 2789 quod
367 2711 523 2790 anodynon
546 2710 719 2789 appellatur.
761 2709 845 2772 Facit
869 2719 968 2770 autem
991 2712 1152 2788 praecipue

138 2799 174 2860 ad
198 2798 369 2860 lumborum
393 2799 519 2880 dolores,
544 2799 702 2859 conficitur
721 2800 777 2860 sic:
801 2799 916 2879 Myrrae
936 2798 961 2858 ll
978 2799 1051 2880 Vlll,
1070 2801 1153 2860 croci

137 2883 252 2970 llVll,
280 2889 459 2966 opopanacis
483 2887 598 2967 itidem,
627 2889 752 2948 storacis
781 2887 868 2969 illl,
897 2887 1001 2948 alterci
1029 2889 1194 2948 seminisoo

138 2976 210 3051 XV,
234 2978 295 3056 opii
315 2975 400 3055 liVl,
419 2976 631 3055 mandragorae
650 2976 759 3037 radicis
779 2977 824 3036 vel
844 2978 932 3038 etiam
952 2977 1072 3038 corticis
1090 2975 1115 3036 li
1130 2976 1152 3057 l,

137 3068 250 3146 piperis
269 3065 328 3126 albi
343 3064 368 3125 li
382 3065 403 3126 l.
435 3064 680 3145 Consparguntur
694 3067 763 3124 trita
779 3074 808 3125 et
823 3065 951 3126 cribrata
966 3065 1038 3126 haec
1054 3067 1151 3125 omnia

139 3175 175 3216 ex
198 3173 273 3234 aqua
293 3154 422 3236 pluviali,
445 3155 521 3216 fiunt
540 3152 650 3233 pastilli
668 3155 817 3214 victoriati
835 3156 941 3215 tertiae
961 3155 1062 3234 partis,
1082 3155 1152 3214 dan·
1195 3183 1198 3189 ·

138 3255 189 3306 tur
212 3247 311 3306 ieiuno
337 3263 373 3306 ex
396 3262 489 3324 aquae
513 3243 618 3324 cyatho
641 3261 701 3303 uno
730 3250 760 3303 et
788 3261 823 3302 ex
850 3245 930 3322 passi
954 3242 1059 3321 cyatho
1084 3261 1151 3303 uno.

228 3386 242 3434 1
258 3379 350 3436 frusta
363 3380 487 3436 Scribere.
547 3385 563 3432 3
578 3378 706 3434 criblum.
770 3381 803 3430 10
816 3375 1011 3444 terebintinae,
1031 3379 1094 3431 item
1108 3382 1151 3434 20.

140 3454 171 3502 11
191 3450 287 3506 trians.
335 3457 368 3506 19
388 3449 532 3508 storachie.
583 3449 688 3520 hysopi.
741 3453 774 3502 26
794 3445 894 3501 oleum.
951 3453 984 3502 30
1005 3447 1151 3502 storechis.

138 3523 171 3573 31
191 3520 261 3592 opii]
281 3523 344 3579 sori.
