<?xml version="1.0" encoding="UTF-8"?>
<!DOCTYPE html PUBLIC "-//W3C//DTD XHTML 1.0 Transitional//EN"
    "http://www.w3.org/TR/xhtml1/DTD/xhtml1-transitional.dtd">
<html xmlns="http://www.w3.org/1999/xhtml" xml:lang="en" lang="en">
 <head>
  <title>
</title>
<meta http-equiv="Content-Type" content="text/html;charset=utf-8" />
  <meta name='ocr-system' content='tesseract 3.04.00' />
  <meta name='ocr-capabilities' content='ocr_page ocr_carea ocr_par ocr_line ocrx_word'/>
</head>
<body>
  <div class='ocr_page' id='page_1' title='image "./marcellidemedic02helmgoog_0197.png"; bbox 0 0 2540 3802; ppageno 0'>
   <div class='ocr_carea' id='block_1_1' title="bbox 471 148 710 214">
    <p class='ocr_par' dir='ltr' id='par_1_1' title="bbox 471 148 710 214">
     <span class='ocr_line' id='line_1_1' title="bbox 471 148 710 214; baseline 0.004 -1"><span class='ocrx_word' id='word_1_1' title='bbox 471 148 710 214; x_wconf 83' lang='lat'>-185—</span> 
     </span>
    </p>
   </div>
   <div class='ocr_carea' id='block_1_2' title="bbox 12 309 1150 3318">
    <p class='ocr_par' dir='ltr' id='par_1_2' title="bbox 79 309 1147 656">
     <span class='ocr_line' id='line_1_2' title="bbox 171 309 1147 393; baseline 0.004 -23"><span class='ocrx_word' id='word_1_2' title='bbox 171 309 300 389; x_wconf 82' lang='lat' dir='ltr'>Spongia</span> <span class='ocrx_word' id='word_1_3' title='bbox 323 327 398 370; x_wconf 91' lang='lat' dir='ltr'>nova</span> <span class='ocrx_word' id='word_1_4' title='bbox 421 329 488 371; x_wconf 91' lang='lat' dir='ltr'>cum</span> <span class='ocrx_word' id='word_1_5' title='bbox 513 329 588 389; x_wconf 91' lang='lat' dir='ltr'>aqua</span> <span class='ocrx_word' id='word_1_6' title='bbox 613 311 688 372; x_wconf 89' lang='lat' dir='ltr'>salsa</span> <span class='ocrx_word' id='word_1_7' title='bbox 712 311 805 372; x_wconf 91' lang='lat' dir='ltr'>calida</span> <span class='ocrx_word' id='word_1_8' title='bbox 827 313 945 391; x_wconf 91' lang='lat' dir='ltr'>saepius</span> <span class='ocrx_word' id='word_1_9' title='bbox 964 314 1093 393; x_wconf 92' lang='lat' dir='ltr'>inposita</span> <span class='ocrx_word' id='word_1_10' title='bbox 1113 324 1147 374; x_wconf 80' lang='grc'>45</span> 
     </span>
     <span class='ocr_line' id='line_1_3' title="bbox 81 397 1147 478; baseline 0.002 -18"><span class='ocrx_word' id='word_1_11' title='bbox 81 397 304 478; x_wconf 91' lang='lat' dir='ltr'>suggillationes</span> <span class='ocrx_word' id='word_1_12' title='bbox 332 398 501 478; x_wconf 83' lang='lat' dir='ltr'><strong>livoresque</strong></span> <span class='ocrx_word' id='word_1_13' title='bbox 529 399 665 478; x_wconf 79' lang='lat' dir='ltr'>detergit.</span> <span class='ocrx_word' id='word_1_14' title='bbox 704 398 806 460; x_wconf 83' lang='lat' dir='ltr'>Fimus</span> <span class='ocrx_word' id='word_1_15' title='bbox 835 400 939 461; x_wconf 91' lang='lat' dir='ltr'>suillus</span> <span class='ocrx_word' id='word_1_16' title='bbox 963 403 994 462; x_wconf 91' lang='lat' dir='ltr'>in</span> <span class='ocrx_word' id='word_1_17' title='bbox 1018 411 1094 464; x_wconf 86' lang='lat' dir='ltr'>testa</span> <span class='ocrx_word' id='word_1_18' title='bbox 1113 413 1147 463; x_wconf 83' lang='lat'>48</span> 
     </span>
     <span class='ocr_line' id='line_1_4' title="bbox 81 488 1094 568; baseline 0.004 -20"><span class='ocrx_word' id='word_1_19' title='bbox 81 488 230 548; x_wconf 81' lang='lat' dir='ltr'>arefactus</span> <span class='ocrx_word' id='word_1_20' title='bbox 249 497 279 548; x_wconf 92' lang='lat' dir='ltr'>et</span> <span class='ocrx_word' id='word_1_21' title='bbox 297 489 387 548; x_wconf 90' lang='lat' dir='ltr'>tritus</span> <span class='ocrx_word' id='word_1_22' title='bbox 407 495 437 548; x_wconf 90' lang='lat' dir='ltr'>et</span> <span class='ocrx_word' id='word_1_23' title='bbox 455 506 523 548; x_wconf 90' lang='lat' dir='ltr'>cum</span> <span class='ocrx_word' id='word_1_24' title='bbox 538 488 603 549; x_wconf 89' lang='lat' dir='ltr'>oleo</span> <span class='ocrx_word' id='word_1_25' title='bbox 618 490 776 568; x_wconf 92' lang='lat' dir='ltr'>impositus</span> <span class='ocrx_word' id='word_1_26' title='bbox 791 491 865 549; x_wconf 89' lang='lat' dir='ltr'>mire</span> <span class='ocrx_word' id='word_1_27' title='bbox 880 499 964 550; x_wconf 86' lang='lat' dir='ltr'>sanat</span> <span class='ocrx_word' id='word_1_28' title='bbox 977 490 1094 552; x_wconf 87' lang='lat' dir='ltr'>livores.</span> 
     </span>
     <span class='ocr_line' id='line_1_5' title="bbox 79 575 1147 656; baseline 0.003 -20"><span class='ocrx_word' id='word_1_29' title='bbox 79 577 190 656; x_wconf 78' lang='lat' dir='ltr'>Apium</span> <span class='ocrx_word' id='word_1_30' title='bbox 212 577 306 637; x_wconf 90' lang='lat' dir='ltr'>viride</span> <span class='ocrx_word' id='word_1_31' title='bbox 331 575 480 638; x_wconf 78' lang='lat' dir='ltr'><strong>subtiliter</strong></span> <span class='ocrx_word' id='word_1_32' title='bbox 502 579 607 638; x_wconf 92' lang='lat' dir='ltr'>tritum</span> <span class='ocrx_word' id='word_1_33' title='bbox 631 596 700 638; x_wconf 90' lang='lat' dir='ltr'>cum</span> <span class='ocrx_word' id='word_1_34' title='bbox 723 579 771 638; x_wconf 94' lang='lat' dir='ltr'>ovi</span> <span class='ocrx_word' id='word_1_35' title='bbox 794 576 860 637; x_wconf 93' lang='lat' dir='ltr'>albo</span> <span class='ocrx_word' id='word_1_36' title='bbox 883 577 1001 639; x_wconf 89' lang='lat' dir='ltr'>inlitum</span> <span class='ocrx_word' id='word_1_37' title='bbox 1025 579 1094 640; x_wconf 93' lang='lat' dir='ltr'>livo-</span> <span class='ocrx_word' id='word_1_38' title='bbox 1112 591 1147 639; x_wconf 83' lang='grc'>45</span> 
     </span>
    </p>

    <p class='ocr_par' dir='ltr' id='par_1_3' title="bbox 54 664 1150 906">
     <span class='ocr_line' id='line_1_6' title="bbox 54 664 1150 746; baseline 0.003 -22"><span class='ocrx_word' id='word_1_39' title='bbox 54 665 167 726; x_wconf 83' lang='lat' dir='ltr'>srihus</span> <span class='ocrx_word' id='word_1_40' title='bbox 186 665 316 746; x_wconf 87' lang='lat' dir='ltr'>prodest.</span> <span class='ocrx_word' id='word_1_41' title='bbox 348 664 441 726; x_wconf 83' lang='lat' dir='ltr'>Malva</span> <span class='ocrx_word' id='word_1_42' title='bbox 460 668 588 727; x_wconf 89' lang='lat' dir='ltr'>erratica</span> <span class='ocrx_word' id='word_1_43' title='bbox 606 668 676 727; x_wconf 87' lang='lat' dir='ltr'>trita</span> <span class='ocrx_word' id='word_1_44' title='bbox 696 673 726 726; x_wconf 93' lang='lat' dir='ltr'>et</span> <span class='ocrx_word' id='word_1_45' title='bbox 745 665 838 726; x_wconf 88' lang='lat' dir='ltr'>calida</span> <span class='ocrx_word' id='word_1_46' title='bbox 856 684 954 745; x_wconf 89' lang='lat' dir='ltr'>panno</span> <span class='ocrx_word' id='word_1_47' title='bbox 974 667 1094 729; x_wconf 89' lang='lat' dir='ltr'>inducta</span> <span class='ocrx_word' id='word_1_48' title='bbox 1113 678 1150 728; x_wconf 82' lang='grc'>55</span> 
     </span>
     <span class='ocr_line' id='line_1_7' title="bbox 81 753 1094 834; baseline 0.002 -19"><span class='ocrx_word' id='word_1_49' title='bbox 81 763 112 815; x_wconf 86' lang='grc'>55</span> <span class='ocrx_word' id='word_1_50' title='bbox 135 753 199 814; x_wconf 87' lang='grc'>5155</span> <span class='ocrx_word' id='word_1_51' title='bbox 222 763 368 833; x_wconf 91' lang='lat' dir='ltr'>peruncta</span> <span class='ocrx_word' id='word_1_52' title='bbox 396 761 427 814; x_wconf 91' lang='lat' dir='ltr'>et</span> <span class='ocrx_word' id='word_1_53' title='bbox 454 756 497 815; x_wconf 91' lang='lat' dir='ltr'>sic</span> <span class='ocrx_word' id='word_1_54' title='bbox 526 755 659 833; x_wconf 90' lang='lat' dir='ltr'>adposita</span> <span class='ocrx_word' id='word_1_55' title='bbox 685 753 858 816; x_wconf 82' lang='lat' dir='ltr'>recentibus</span> <span class='ocrx_word' id='word_1_56' title='bbox 883 755 1094 834; x_wconf 89' lang='lat' dir='ltr'>suggillationi·</span> 
     </span>
     <span class='ocr_line' id='line_1_8' title="bbox 80 842 1094 906; baseline 0.002 -2"><span class='ocrx_word' id='word_1_57' title='bbox 80 843 139 904; x_wconf 92' lang='lat' dir='ltr'>bus</span> <span class='ocrx_word' id='word_1_58' title='bbox 158 861 192 903; x_wconf 88' lang='lat' dir='ltr'>ao</span> <span class='ocrx_word' id='word_1_59' title='bbox 211 842 379 903; x_wconf 88' lang='lat' dir='ltr'>tumoribus</span> <span class='ocrx_word' id='word_1_60' title='bbox 398 850 429 903; x_wconf 92' lang='lat' dir='ltr'>et</span> <span class='ocrx_word' id='word_1_61' title='bbox 447 843 652 904; x_wconf 90' lang='lat' dir='ltr'>vexationibus</span> <span class='ocrx_word' id='word_1_62' title='bbox 670 861 831 904; x_wconf 91' lang='lat' dir='ltr'>nervorum</span> <span class='ocrx_word' id='word_1_63' title='bbox 850 843 934 904; x_wconf 91' lang='lat' dir='ltr'>valde</span> <span class='ocrx_word' id='word_1_64' title='bbox 949 845 1094 906; x_wconf 90' lang='lat' dir='ltr'>medetur.</span> 
     </span>
    </p>

    <p class='ocr_par' dir='ltr' id='par_1_4' title="bbox 171 930 1147 1010">
     <span class='ocr_line' id='line_1_9' title="bbox 171 930 1147 1010; baseline 0 -20"><span class='ocrx_word' id='word_1_65' title='bbox 171 931 214 991; x_wconf 82' lang='lat' dir='ltr'>Ad</span> <span class='ocrx_word' id='word_1_66' title='bbox 238 930 374 1010; x_wconf 83' lang='lat' dir='ltr'>pustulas</span> <span class='ocrx_word' id='word_1_67' title='bbox 397 931 555 1010; x_wconf 84' lang='lat' dir='ltr'>papulasve</span> <span class='ocrx_word' id='word_1_68' title='bbox 584 932 620 992; x_wconf 91' lang='lat' dir='ltr'>de</span> <span class='ocrx_word' id='word_1_69' title='bbox 643 932 718 994; x_wconf 86' lang='lat' dir='ltr'>lacie</span> <span class='ocrx_word' id='word_1_70' title='bbox 742 931 888 993; x_wconf 91' lang='lat' dir='ltr'>tollendas</span> <span class='ocrx_word' id='word_1_71' title='bbox 911 933 1094 995; x_wconf 82' lang='lat' dir='ltr'>medicamen</span> <span class='ocrx_word' id='word_1_72' title='bbox 1113 941 1147 991; x_wconf 85' lang='grc'>51</span> 
     </span>
    </p>

    <p class='ocr_par' dir='ltr' id='par_1_5' title="bbox 12 1018 1096 1101">
     <span class='ocr_line' id='line_1_10' title="bbox 12 1018 1096 1101; baseline 0.004 -21"><span class='ocrx_word' id='word_1_73' title='bbox 12 1035 13 1088; x_wconf 73' lang='lat' dir='ltr'>t</span> <span class='ocrx_word' id='word_1_74' title='bbox 81 1037 234 1100; x_wconf 77' lang='lat' dir='ltr'>caupones</span> <span class='ocrx_word' id='word_1_75' title='bbox 258 1023 314 1082; x_wconf 88' lang='lat' dir='ltr'>sio:</span> <span class='ocrx_word' id='word_1_76' title='bbox 347 1018 492 1099; x_wconf 91' lang='lat' dir='ltr'>Sagapeni</span> <span class='ocrx_word' id='word_1_77' title='bbox 515 1020 618 1101; x_wconf 82' lang='lat'>-11,</span> <span class='ocrx_word' id='word_1_78' title='bbox 645 1020 744 1081; x_wconf 85' lang='lat' dir='ltr'>scobis</span> <span class='ocrx_word' id='word_1_79' title='bbox 768 1020 899 1082; x_wconf 90' lang='lat' dir='ltr'>eburnae</span> <span class='ocrx_word' id='word_1_80' title='bbox 922 1020 1096 1084; x_wconf 88' lang='lat' dir='ltr'>delicatissi-</span> 
     </span>
    </p>

    <p class='ocr_par' dir='ltr' id='par_1_6' title="bbox 12 1106 1095 1192">
     <span class='ocr_line' id='line_1_11' title="bbox 12 1106 1095 1192; baseline 0.006 -26"><span class='ocrx_word' id='word_1_81' title='bbox 12 1149 13 1192; x_wconf 48' lang='lat'><em>5</em></span> <span class='ocrx_word' id='word_1_82' title='bbox 40 1127 147 1170; x_wconf 73' lang='lat' dir='ltr'>vomite</span> <span class='ocrx_word' id='word_1_83' title='bbox 173 1142 211 1151; x_wconf 97' lang='lat'>-</span> <span class='ocrx_word' id='word_1_84' title='bbox 232 1106 323 1190; x_wconf 88' lang='lat' dir='ltr'>Vllll,</span> <span class='ocrx_word' id='word_1_85' title='bbox 347 1127 463 1188; x_wconf 82' lang='lat' dir='ltr'>myrrae</span> <span class='ocrx_word' id='word_1_86' title='bbox 489 1142 527 1152; x_wconf 93' lang='lat'><strong>—</strong></span> <span class='ocrx_word' id='word_1_87' title='bbox 549 1108 575 1169; x_wconf 98' lang='grc'>11</span> <span class='ocrx_word' id='word_1_88' title='bbox 595 1108 628 1191; x_wconf 85' lang='lat' dir='ltr'>S,</span> <span class='ocrx_word' id='word_1_89' title='bbox 652 1109 818 1190; x_wconf 84' lang='lat' dir='ltr'>aphronitri</span> <span class='ocrx_word' id='word_1_90' title='bbox 841 1143 883 1154; x_wconf 90' lang='lat'>-</span> <span class='ocrx_word' id='word_1_91' title='bbox 902 1108 929 1170; x_wconf 98' lang='grc'>11</span> <span class='ocrx_word' id='word_1_92' title='bbox 949 1110 978 1190; x_wconf 83' lang='lat' dir='ltr'>S,</span> <span class='ocrx_word' id='word_1_93' title='bbox 1000 1119 1095 1192; x_wconf 91' lang='lat' dir='ltr'>traga-</span> 
     </span>
    </p>

    <p class='ocr_par' dir='ltr' id='par_1_7' title="bbox 12 1195 1096 1544">
     <span class='ocr_line' id='line_1_12' title="bbox 12 1195 1096 1280; baseline 0.003 -21"><span class='ocrx_word' id='word_1_94' title='bbox 12 1203 13 1212; x_wconf 52' lang='lat'><em>³</em></span> <span class='ocrx_word' id='word_1_95' title='bbox 81 1197 183 1259; x_wconf 88' lang='lat' dir='ltr'>canthi</span> <span class='ocrx_word' id='word_1_96' title='bbox 208 1229 246 1240; x_wconf 89' lang='lat'>-</span> <span class='ocrx_word' id='word_1_97' title='bbox 267 1195 318 1278; x_wconf 72' lang='lat' dir='ltr'>Vl,</span> <span class='ocrx_word' id='word_1_98' title='bbox 346 1205 433 1259; x_wconf 90' lang='lat' dir='ltr'>tunsa</span> <span class='ocrx_word' id='word_1_99' title='bbox 458 1198 531 1259; x_wconf 88' lang='lat' dir='ltr'>haec</span> <span class='ocrx_word' id='word_1_100' title='bbox 555 1205 586 1259; x_wconf 92' lang='lat' dir='ltr'>et</span> <span class='ocrx_word' id='word_1_101' title='bbox 609 1199 737 1260; x_wconf 89' lang='lat' dir='ltr'>cribrata</span> <span class='ocrx_word' id='word_1_102' title='bbox 761 1217 829 1259; x_wconf 92' lang='lat' dir='ltr'>cum</span> <span class='ocrx_word' id='word_1_103' title='bbox 853 1198 939 1260; x_wconf 89' lang='lat' dir='ltr'>melle</span> <span class='ocrx_word' id='word_1_104' title='bbox 963 1199 1096 1280; x_wconf 93' lang='lat' dir='ltr'>liquidis·</span> 
     </span>
     <span class='ocr_line' id='line_1_13' title="bbox 81 1286 1096 1363; baseline 0.002 -15"><span class='ocrx_word' id='word_1_105' title='bbox 81 1289 157 1348; x_wconf 91' lang='lat' dir='ltr'>simo</span> <span class='ocrx_word' id='word_1_106' title='bbox 177 1293 208 1346; x_wconf 91' lang='lat' dir='ltr'>et</span> <span class='ocrx_word' id='word_1_107' title='bbox 226 1286 437 1347; x_wconf 88' lang='lat' dir='ltr'>candidissimo</span> <span class='ocrx_word' id='word_1_108' title='bbox 451 1294 601 1363; x_wconf 88' lang='lat' dir='ltr'>teruntur,</span> <span class='ocrx_word' id='word_1_109' title='bbox 619 1291 660 1348; x_wconf 91' lang='lat' dir='ltr'>ita</span> <span class='ocrx_word' id='word_1_110' title='bbox 676 1295 711 1349; x_wconf 94' lang='lat' dir='ltr'>ut</span> <span class='ocrx_word' id='word_1_111' title='bbox 725 1287 954 1349; x_wconf 86' lang='lat' dir='ltr'>crassitudinem</span> <span class='ocrx_word' id='word_1_112' title='bbox 968 1288 1096 1352; x_wconf 88' lang='lat' dir='ltr'>habeant</span> 
     </span>
     <span class='ocr_line' id='line_1_14' title="bbox 81 1374 1096 1456; baseline 0.005 -21"><span class='ocrx_word' id='word_1_113' title='bbox 81 1374 178 1436; x_wconf 90' lang='lat' dir='ltr'>mellis</span> <span class='ocrx_word' id='word_1_114' title='bbox 201 1374 362 1456; x_wconf 84' lang='lat' dir='ltr'>densioris3</span> <span class='ocrx_word' id='word_1_115' title='bbox 390 1393 424 1435; x_wconf 90' lang='lat' dir='ltr'>ex</span> <span class='ocrx_word' id='word_1_116' title='bbox 451 1394 487 1436; x_wconf 90' lang='lat' dir='ltr'>eo</span> <span class='ocrx_word' id='word_1_117' title='bbox 510 1377 542 1436; x_wconf 90' lang='lat' dir='ltr'>iu</span> <span class='ocrx_word' id='word_1_118' title='bbox 564 1375 670 1438; x_wconf 90' lang='lat' dir='ltr'>balneo</span> <span class='ocrx_word' id='word_1_119' title='bbox 693 1376 740 1438; x_wconf 91' lang='lat' dir='ltr'>vel</span> <span class='ocrx_word' id='word_1_120' title='bbox 763 1384 831 1437; x_wconf 92' lang='lat' dir='ltr'>ante</span> <span class='ocrx_word' id='word_1_121' title='bbox 853 1377 958 1438; x_wconf 90' lang='lat' dir='ltr'>hovam</span> <span class='ocrx_word' id='word_1_122' title='bbox 981 1377 1096 1440; x_wconf 90' lang='lat' dir='ltr'>lavandi</span> 
     </span>
     <span class='ocr_line' id='line_1_15' title="bbox 84 1463 964 1544; baseline 0.002 -20"><span class='ocrx_word' id='word_1_123' title='bbox 84 1465 175 1524; x_wconf 87' lang='lat' dir='ltr'>iacies</span> <span class='ocrx_word' id='word_1_124' title='bbox 198 1463 355 1544; x_wconf 85' lang='lat' dir='ltr'>diiigenter</span> <span class='ocrx_word' id='word_1_125' title='bbox 378 1463 514 1526; x_wconf 87' lang='lat' dir='ltr'>inlinitur</span> <span class='ocrx_word' id='word_1_126' title='bbox 537 1472 567 1525; x_wconf 91' lang='lat' dir='ltr'>et</span> <span class='ocrx_word' id='word_1_127' title='bbox 590 1473 658 1544; x_wconf 93' lang='lat' dir='ltr'>post</span> <span class='ocrx_word' id='word_1_128' title='bbox 680 1465 820 1526; x_wconf 90' lang='lat' dir='ltr'>balneum</span> <span class='ocrx_word' id='word_1_129' title='bbox 844 1465 964 1528; x_wconf 88' lang='lat' dir='ltr'>eluitur.</span> 
     </span>
    </p>

    <p class='ocr_par' dir='ltr' id='par_1_8' title="bbox 42 1549 1149 1988">
     <span class='ocr_line' id='line_1_16' title="bbox 42 1549 1148 1634; baseline 0.002 -26"><span class='ocrx_word' id='word_1_130' title='bbox 42 1567 68 1608; x_wconf 87' lang='lat'>15</span> <span class='ocrx_word' id='word_1_131' title='bbox 173 1549 212 1612; x_wconf 87' lang='lat' dir='ltr'>Ut</span> <span class='ocrx_word' id='word_1_132' title='bbox 237 1553 361 1613; x_wconf 90' lang='lat' dir='ltr'>livorem</span> <span class='ocrx_word' id='word_1_133' title='bbox 389 1553 426 1613; x_wconf 91' lang='lat' dir='ltr'>de</span> <span class='ocrx_word' id='word_1_134' title='bbox 455 1555 529 1614; x_wconf 90' lang='lat' dir='ltr'>lacie</span> <span class='ocrx_word' id='word_1_135' title='bbox 557 1553 655 1634; x_wconf 90' lang='lat' dir='ltr'>tollas,</span> <span class='ocrx_word' id='word_1_136' title='bbox 684 1553 844 1632; x_wconf 92' lang='lat' dir='ltr'>gladiolum</span> <span class='ocrx_word' id='word_1_137' title='bbox 868 1553 991 1614; x_wconf 88' lang='lat' dir='ltr'>herbam</span> <span class='ocrx_word' id='word_1_138' title='bbox 1015 1555 1095 1633; x_wconf 91' lang='lat' dir='ltr'>palu·</span> <span class='ocrx_word' id='word_1_139' title='bbox 1115 1563 1148 1611; x_wconf 77' lang='lat'>52</span> 
     </span>
     <span class='ocr_line' id='line_1_17' title="bbox 83 1641 1095 1704; baseline 0.003 -3"><span class='ocrx_word' id='word_1_140' title='bbox 83 1649 175 1701; x_wconf 90' lang='lat' dir='ltr'>strem</span> <span class='ocrx_word' id='word_1_141' title='bbox 203 1641 348 1702; x_wconf 89' lang='lat' dir='ltr'>arundine</span> <span class='ocrx_word' id='word_1_142' title='bbox 378 1650 429 1702; x_wconf 86' lang='lat' dir='ltr'>aut</span> <span class='ocrx_word' id='word_1_143' title='bbox 459 1659 526 1702; x_wconf 90' lang='lat' dir='ltr'>osse</span> <span class='ocrx_word' id='word_1_144' title='bbox 559 1649 646 1702; x_wconf 91' lang='lat' dir='ltr'>acuto</span> <span class='ocrx_word' id='word_1_145' title='bbox 679 1643 822 1703; x_wconf 82' lang='lat' dir='ltr'>radicitus</span> <span class='ocrx_word' id='word_1_146' title='bbox 854 1641 962 1702; x_wconf 89' lang='lat' dir='ltr'>avelles</span> <span class='ocrx_word' id='word_1_147' title='bbox 994 1642 1095 1704; x_wconf 90' lang='lat' dir='ltr'>obser-</span> 
     </span>
     <span class='ocr_line' id='line_1_18' title="bbox 82 1730 1096 1810; baseline 0.001 -20"><span class='ocrx_word' id='word_1_148' title='bbox 82 1748 153 1790; x_wconf 91' lang='lat' dir='ltr'>vans</span> <span class='ocrx_word' id='word_1_149' title='bbox 176 1747 310 1810; x_wconf 76' lang='lat' dir='ltr'>prorsuS,</span> <span class='ocrx_word' id='word_1_150' title='bbox 334 1748 371 1790; x_wconf 91' lang='lat' dir='ltr'>ne</span> <span class='ocrx_word' id='word_1_151' title='bbox 396 1731 475 1790; x_wconf 91' lang='lat' dir='ltr'>lerro</span> <span class='ocrx_word' id='word_1_152' title='bbox 500 1748 563 1790; x_wconf 91' lang='lat' dir='ltr'>eam</span> <span class='ocrx_word' id='word_1_153' title='bbox 587 1731 755 1810; x_wconf 86' lang='lat' dir='ltr'>contingas3</span> <span class='ocrx_word' id='word_1_154' title='bbox 778 1730 868 1791; x_wconf 90' lang='lat' dir='ltr'>huius</span> <span class='ocrx_word' id='word_1_155' title='bbox 891 1730 1007 1791; x_wconf 89' lang='lat' dir='ltr'>radices</span> <span class='ocrx_word' id='word_1_156' title='bbox 1028 1739 1096 1792; x_wconf 91' lang='lat' dir='ltr'>tun-</span> 
     </span>
     <span class='ocr_line' id='line_1_19' title="bbox 83 1817 1096 1898; baseline 0.002 -19"><span class='ocrx_word' id='word_1_157' title='bbox 83 1837 132 1879; x_wconf 90' lang='lat' dir='ltr'>sae</span> <span class='ocrx_word' id='word_1_158' title='bbox 161 1828 191 1879; x_wconf 91' lang='lat' dir='ltr'>et</span> <span class='ocrx_word' id='word_1_159' title='bbox 221 1818 360 1880; x_wconf 87' lang='lat' dir='ltr'>subactae</span> <span class='ocrx_word' id='word_1_160' title='bbox 389 1827 478 1898; x_wconf 92' lang='lat' dir='ltr'>atque</span> <span class='ocrx_word' id='word_1_161' title='bbox 508 1817 662 1898; x_wconf 88' lang='lat' dir='ltr'>emplastri</span> <span class='ocrx_word' id='word_1_162' title='bbox 692 1837 774 1878; x_wconf 91' lang='lat' dir='ltr'>more</span> <span class='ocrx_word' id='word_1_163' title='bbox 807 1818 957 1898; x_wconf 88' lang='lat' dir='ltr'>adpositae</span> <span class='ocrx_word' id='word_1_164' title='bbox 987 1819 1096 1881; x_wconf 92' lang='lat' dir='ltr'>livores</span> 
     </span>
     <span class='ocr_line' id='line_1_20' title="bbox 83 1905 1149 1988; baseline -0.005 -20"><span class='ocrx_word' id='word_1_165' title='bbox 83 1914 221 1987; x_wconf 87' lang='lat' dir='ltr'>potenter</span> <span class='ocrx_word' id='word_1_166' title='bbox 245 1907 410 1968; x_wconf 88' lang='lat' dir='ltr'>emendant.</span> <span class='ocrx_word' id='word_1_167' title='bbox 449 1907 577 1988; x_wconf 86' lang='lat' dir='ltr'>Radieis,</span> <span class='ocrx_word' id='word_1_168' title='bbox 602 1925 676 1988; x_wconf 93' lang='lat' dir='ltr'>quae</span> <span class='ocrx_word' id='word_1_169' title='bbox 699 1907 904 1987; x_wconf 87' lang='lat' dir='ltr'>manducatur,</span> <span class='ocrx_word' id='word_1_170' title='bbox 927 1907 958 1967; x_wconf 95' lang='lat' dir='ltr'>id</span> <span class='ocrx_word' id='word_1_171' title='bbox 982 1905 1028 1968; x_wconf 86' lang='lat' dir='ltr'>est</span> <span class='ocrx_word' id='word_1_172' title='bbox 1051 1927 1096 1970; x_wconf 91' lang='lat' dir='ltr'>ra·</span> <span class='ocrx_word' id='word_1_173' title='bbox 1115 1915 1149 1964; x_wconf 82' lang='grc'>55</span> 
     </span>
    </p>

    <p class='ocr_par' dir='ltr' id='par_1_9' title="bbox 43 1995 1096 2167">
     <span class='ocr_line' id='line_1_21' title="bbox 43 1995 1095 2076; baseline 0.001 -20"><span class='ocrx_word' id='word_1_174' title='bbox 43 2011 70 2050; x_wconf 82' lang='lat'>20</span> <span class='ocrx_word' id='word_1_175' title='bbox 84 1997 157 2076; x_wconf 86' lang='lat' dir='ltr'>faui,</span> <span class='ocrx_word' id='word_1_176' title='bbox 186 2003 288 2057; x_wconf 85' lang='lat' dir='ltr'>cortex</span> <span class='ocrx_word' id='word_1_177' title='bbox 311 1998 401 2057; x_wconf 87' lang='lat' dir='ltr'>tritus</span> <span class='ocrx_word' id='word_1_178' title='bbox 424 1996 582 2075; x_wconf 81' lang='lat' dir='ltr'>diligenter</span> <span class='ocrx_word' id='word_1_179' title='bbox 610 2004 640 2057; x_wconf 91' lang='lat' dir='ltr'>et</span> <span class='ocrx_word' id='word_1_180' title='bbox 663 2014 730 2057; x_wconf 92' lang='lat' dir='ltr'>cum</span> <span class='ocrx_word' id='word_1_181' title='bbox 755 1995 841 2056; x_wconf 90' lang='lat' dir='ltr'>melle</span> <span class='ocrx_word' id='word_1_182' title='bbox 863 1997 1029 2075; x_wconf 88' lang='lat' dir='ltr'>permixtus</span> <span class='ocrx_word' id='word_1_183' title='bbox 1052 1999 1095 2057; x_wconf 91' lang='lat' dir='ltr'>in-</span> 
     </span>
     <span class='ocr_line' id='line_1_22' title="bbox 84 2084 1096 2167; baseline 0.001 -22"><span class='ocrx_word' id='word_1_184' title='bbox 84 2085 214 2164; x_wconf 92' lang='lat' dir='ltr'>litusque</span> <span class='ocrx_word' id='word_1_185' title='bbox 229 2085 450 2164; x_wconf 89' lang='lat' dir='ltr'>suggillationes</span> <span class='ocrx_word' id='word_1_186' title='bbox 465 2095 554 2165; x_wconf 92' lang='lat' dir='ltr'>atque</span> <span class='ocrx_word' id='word_1_187' title='bbox 569 2085 686 2164; x_wconf 90' lang='lat' dir='ltr'>livores,</span> <span class='ocrx_word' id='word_1_188' title='bbox 706 2087 758 2164; x_wconf 92' lang='lat' dir='ltr'>qui</span> <span class='ocrx_word' id='word_1_189' title='bbox 773 2103 808 2144; x_wconf 88' lang='lat' dir='ltr'>ex</span> <span class='ocrx_word' id='word_1_190' title='bbox 823 2084 932 2145; x_wconf 92' lang='lat' dir='ltr'>ictibus</span> <span class='ocrx_word' id='word_1_191' title='bbox 947 2087 1096 2167; x_wconf 89' lang='lat' dir='ltr'>eveniunt,</span> 
     </span>
    </p>

    <p class='ocr_par' dir='ltr' id='par_1_10' title="bbox 13 2172 1149 2432">
     <span class='ocr_line' id='line_1_23' title="bbox 13 2172 1149 2253; baseline -0.004 -19"><span class='ocrx_word' id='word_1_192' title='bbox 13 2217 14 2250; x_wconf 53' lang='lat'>3</span> <span class='ocrx_word' id='word_1_193' title='bbox 84 2173 222 2234; x_wconf 88' lang='lat' dir='ltr'>celeriter</span> <span class='ocrx_word' id='word_1_194' title='bbox 240 2173 399 2253; x_wconf 90' lang='lat' dir='ltr'>absterget.</span> <span class='ocrx_word' id='word_1_195' title='bbox 432 2173 593 2253; x_wconf 89' lang='lat' dir='ltr'>Origauum</span> <span class='ocrx_word' id='word_1_196' title='bbox 612 2174 648 2234; x_wconf 90' lang='lat' dir='ltr'>ad</span> <span class='ocrx_word' id='word_1_197' title='bbox 669 2191 814 2235; x_wconf 90' lang='lat' dir='ltr'>summam</span> <span class='ocrx_word' id='word_1_198' title='bbox 828 2172 977 2235; x_wconf 90' lang='lat' dir='ltr'>levitatem</span> <span class='ocrx_word' id='word_1_199' title='bbox 991 2175 1095 2235; x_wconf 89' lang='lat' dir='ltr'>tritum</span> <span class='ocrx_word' id='word_1_200' title='bbox 1115 2180 1149 2230; x_wconf 85' lang='grc'>54</span> 
     </span>
     <span class='ocr_line' id='line_1_24' title="bbox 13 2255 1096 2343; baseline 0.001 -21"><span class='ocrx_word' id='word_1_201' title='bbox 13 2255 15 2314; x_wconf 61' lang='lat' dir='ltr'>l</span> <span class='ocrx_word' id='word_1_202' title='bbox 84 2265 114 2322; x_wconf 89' lang='lat' dir='ltr'>in</span> <span class='ocrx_word' id='word_1_203' title='bbox 143 2261 264 2323; x_wconf 91' lang='lat' dir='ltr'>linteolo</span> <span class='ocrx_word' id='word_1_204' title='bbox 293 2263 352 2324; x_wconf 93' lang='lat' dir='ltr'>udo</span> <span class='ocrx_word' id='word_1_205' title='bbox 380 2263 547 2343; x_wconf 89' lang='lat' dir='ltr'>adpositum</span> <span class='ocrx_word' id='word_1_206' title='bbox 577 2262 686 2324; x_wconf 89' lang='lat' dir='ltr'>livores</span> <span class='ocrx_word' id='word_1_207' title='bbox 714 2262 750 2323; x_wconf 90' lang='lat' dir='ltr'>de</span> <span class='ocrx_word' id='word_1_208' title='bbox 783 2280 841 2342; x_wconf 92' lang='lat' dir='ltr'>quo</span> <span class='ocrx_word' id='word_1_209' title='bbox 870 2261 1000 2323; x_wconf 91' lang='lat' dir='ltr'>volueris</span> <span class='ocrx_word' id='word_1_210' title='bbox 1031 2262 1096 2324; x_wconf 92' lang='lat' dir='ltr'>loeo</span> 
     </span>
     <span class='ocr_line' id='line_1_25' title="bbox 84 2351 1096 2432; baseline 0 -20"><span class='ocrx_word' id='word_1_211' title='bbox 84 2353 184 2412; x_wconf 91' lang='lat' dir='ltr'>statim</span> <span class='ocrx_word' id='word_1_212' title='bbox 208 2351 298 2432; x_wconf 81' lang='lat' dir='ltr'>tollit3</span> <span class='ocrx_word' id='word_1_213' title='bbox 321 2355 477 2413; x_wconf 91' lang='lat' dir='ltr'>mentastri</span> <span class='ocrx_word' id='word_1_214' title='bbox 500 2370 620 2431; x_wconf 91' lang='lat' dir='ltr'>quoque</span> <span class='ocrx_word' id='word_1_215' title='bbox 640 2351 709 2412; x_wconf 88' lang='lat' dir='ltr'>folia</span> <span class='ocrx_word' id='word_1_216' title='bbox 727 2353 798 2412; x_wconf 91' lang='lat' dir='ltr'>trita</span> <span class='ocrx_word' id='word_1_217' title='bbox 817 2359 848 2412; x_wconf 88' lang='lat' dir='ltr'>et</span> <span class='ocrx_word' id='word_1_218' title='bbox 866 2351 1000 2430; x_wconf 89' lang='lat' dir='ltr'>adposita</span> <span class='ocrx_word' id='word_1_219' title='bbox 1017 2351 1096 2413; x_wconf 92' lang='lat' dir='ltr'>idem</span> 
     </span>
    </p>

    <p class='ocr_par' dir='ltr' id='par_1_11' title="bbox 43 2439 1150 2877">
     <span class='ocr_line' id='line_1_26' title="bbox 43 2439 1149 2520; baseline 0.002 -20"><span class='ocrx_word' id='word_1_220' title='bbox 43 2456 71 2496; x_wconf 78' lang='lat' dir='ltr'>ao</span> <span class='ocrx_word' id='word_1_221' title='bbox 84 2447 245 2520; x_wconf 91' lang='lat' dir='ltr'>praestant.</span> <span class='ocrx_word' id='word_1_222' title='bbox 285 2439 403 2502; x_wconf 89' lang='lat' dir='ltr'>Nitrum</span> <span class='ocrx_word' id='word_1_223' title='bbox 427 2459 463 2500; x_wconf 89' lang='lat' dir='ltr'>ex</span> <span class='ocrx_word' id='word_1_224' title='bbox 486 2439 573 2501; x_wconf 92' lang='lat' dir='ltr'>melle</span> <span class='ocrx_word' id='word_1_225' title='bbox 597 2448 628 2501; x_wconf 92' lang='grc'>55</span> <span class='ocrx_word' id='word_1_226' title='bbox 650 2440 725 2501; x_wconf 90' lang='lat' dir='ltr'>lacte</span> <span class='ocrx_word' id='word_1_227' title='bbox 749 2439 861 2501; x_wconf 91' lang='lat' dir='ltr'>bubulo</span> <span class='ocrx_word' id='word_1_228' title='bbox 884 2442 988 2502; x_wconf 91' lang='lat' dir='ltr'>tritum</span> <span class='ocrx_word' id='word_1_229' title='bbox 1007 2449 1096 2520; x_wconf 89' lang='lat' dir='ltr'>atque</span> <span class='ocrx_word' id='word_1_230' title='bbox 1115 2446 1149 2496; x_wconf 78' lang='grc'>55</span> 
     </span>
     <span class='ocr_line' id='line_1_27' title="bbox 84 2528 1097 2608; baseline 0.001 -18"><span class='ocrx_word' id='word_1_231' title='bbox 84 2531 264 2608; x_wconf 89' lang='lat' dir='ltr'>permixtum</span> <span class='ocrx_word' id='word_1_232' title='bbox 284 2529 511 2608; x_wconf 88' lang='lat' dir='ltr'>adpositumque</span> <span class='ocrx_word' id='word_1_233' title='bbox 529 2528 680 2590; x_wconf 86' lang='lat' dir='ltr'>ulceribus</span> <span class='ocrx_word' id='word_1_234' title='bbox 701 2531 733 2590; x_wconf 90' lang='lat' dir='ltr'>in</span> <span class='ocrx_word' id='word_1_235' title='bbox 752 2530 825 2590; x_wconf 90' lang='lat' dir='ltr'>lacie</span> <span class='ocrx_word' id='word_1_236' title='bbox 845 2531 922 2590; x_wconf 90' lang='lat' dir='ltr'>natis</span> <span class='ocrx_word' id='word_1_237' title='bbox 941 2537 992 2590; x_wconf 92' lang='lat' dir='ltr'>aut</span> <span class='ocrx_word' id='word_1_238' title='bbox 1011 2531 1097 2591; x_wconf 89' lang='lat' dir='ltr'>lactis</span> 
     </span>
     <span class='ocr_line' id='line_1_28' title="bbox 85 2617 1097 2699; baseline 0.001 -21"><span class='ocrx_word' id='word_1_239' title='bbox 85 2619 228 2678; x_wconf 89' lang='lat' dir='ltr'>citissime</span> <span class='ocrx_word' id='word_1_240' title='bbox 251 2617 402 2699; x_wconf 84' lang='lat' dir='ltr'>medetur3</span> <span class='ocrx_word' id='word_1_241' title='bbox 429 2620 528 2697; x_wconf 92' lang='lat' dir='ltr'>ipsum</span> <span class='ocrx_word' id='word_1_242' title='bbox 552 2620 640 2679; x_wconf 87' lang='lat' dir='ltr'>etiam</span> <span class='ocrx_word' id='word_1_243' title='bbox 664 2619 777 2679; x_wconf 89' lang='lat' dir='ltr'>nitrum</span> <span class='ocrx_word' id='word_1_244' title='bbox 800 2635 869 2678; x_wconf 89' lang='lat' dir='ltr'>oum</span> <span class='ocrx_word' id='word_1_245' title='bbox 892 2617 1013 2697; x_wconf 90' lang='lat' dir='ltr'>pulvere</span> <span class='ocrx_word' id='word_1_246' title='bbox 1037 2621 1097 2698; x_wconf 91' lang='lat' dir='ltr'>opii</span> 
     </span>
     <span class='ocr_line' id='line_1_29' title="bbox 85 2705 1096 2786; baseline 0.002 -20"><span class='ocrx_word' id='word_1_247' title='bbox 85 2715 115 2766; x_wconf 91' lang='lat' dir='ltr'>et</span> <span class='ocrx_word' id='word_1_248' title='bbox 134 2725 207 2767; x_wconf 90' lang='lat' dir='ltr'>suco</span> <span class='ocrx_word' id='word_1_249' title='bbox 226 2705 359 2785; x_wconf 88' lang='lat' dir='ltr'>thapsiae</span> <span class='ocrx_word' id='word_1_250' title='bbox 377 2709 482 2768; x_wconf 86' lang='lat' dir='ltr'>tritum</span> <span class='ocrx_word' id='word_1_251' title='bbox 501 2706 728 2786; x_wconf 87' lang='lat' dir='ltr'>adpositumque</span> <span class='ocrx_word' id='word_1_252' title='bbox 744 2706 852 2767; x_wconf 88' lang='lat' dir='ltr'>livores</span> <span class='ocrx_word' id='word_1_253' title='bbox 867 2709 966 2768; x_wconf 93' lang='lat' dir='ltr'>statim</span> <span class='ocrx_word' id='word_1_254' title='bbox 986 2709 1096 2768; x_wconf 84' lang='lat' dir='ltr'>eximit.</span> 
     </span>
     <span class='ocr_line' id='line_1_30' title="bbox 85 2794 1150 2877; baseline -0.005 -21"><span class='ocrx_word' id='word_1_255' title='bbox 85 2794 197 2856; x_wconf 88' lang='lat' dir='ltr'>Caseus</span> <span class='ocrx_word' id='word_1_256' title='bbox 220 2797 360 2874; x_wconf 88' lang='lat' dir='ltr'>caprinus</span> <span class='ocrx_word' id='word_1_257' title='bbox 379 2795 484 2877; x_wconf 91' lang='lat' dir='ltr'>mollis,</span> <span class='ocrx_word' id='word_1_258' title='bbox 507 2795 537 2855; x_wconf 94' lang='lat' dir='ltr'>id</span> <span class='ocrx_word' id='word_1_259' title='bbox 562 2803 608 2856; x_wconf 89' lang='lat' dir='ltr'>est</span> <span class='ocrx_word' id='word_1_260' title='bbox 626 2813 740 2876; x_wconf 89' lang='lat' dir='ltr'>recens,</span> <span class='ocrx_word' id='word_1_261' title='bbox 764 2813 832 2856; x_wconf 92' lang='lat' dir='ltr'>cum</span> <span class='ocrx_word' id='word_1_262' title='bbox 850 2795 936 2856; x_wconf 91' lang='lat' dir='ltr'>melle</span> <span class='ocrx_word' id='word_1_263' title='bbox 956 2795 1097 2857; x_wconf 90' lang='lat' dir='ltr'>subactus</span> <span class='ocrx_word' id='word_1_264' title='bbox 1116 2801 1150 2852; x_wconf 84' lang='grc'>55</span> 
     </span>
    </p>

    <p class='ocr_par' dir='ltr' id='par_1_12' title="bbox 41 2884 1150 3318">
     <span class='ocr_line' id='line_1_31' title="bbox 41 2884 1097 2964; baseline 0.001 -21"><span class='ocrx_word' id='word_1_265' title='bbox 41 2897 71 2938; x_wconf 80' lang='lat' dir='ltr'>so</span> <span class='ocrx_word' id='word_1_266' title='bbox 84 2885 302 2963; x_wconf 90' lang='lat' dir='ltr'>impositusque</span> <span class='ocrx_word' id='word_1_267' title='bbox 330 2893 360 2944; x_wconf 96' lang='grc'>55</span> <span class='ocrx_word' id='word_1_268' title='bbox 387 2903 484 2963; x_wconf 92' lang='lat' dir='ltr'>panno</span> <span class='ocrx_word' id='word_1_269' title='bbox 513 2884 643 2964; x_wconf 88' lang='lat' dir='ltr'>desuper</span> <span class='ocrx_word' id='word_1_270' title='bbox 670 2892 768 2945; x_wconf 89' lang='lat' dir='ltr'>tectus</span> <span class='ocrx_word' id='word_1_271' title='bbox 796 2893 847 2945; x_wconf 88' lang='lat' dir='ltr'>aut</span> <span class='ocrx_word' id='word_1_272' title='bbox 874 2884 965 2945; x_wconf 93' lang='lat' dir='ltr'>linteo</span> <span class='ocrx_word' id='word_1_273' title='bbox 989 2884 1097 2964; x_wconf 86' lang='lat' dir='ltr'>suggil-</span> 
     </span>
     <span class='ocr_line' id='line_1_32' title="bbox 84 2971 1150 3054; baseline -0.005 -22"><span class='ocrx_word' id='word_1_274' title='bbox 84 2972 210 3033; x_wconf 91' lang='lat' dir='ltr'>lationes</span> <span class='ocrx_word' id='word_1_275' title='bbox 233 2971 401 3052; x_wconf 86' lang='lat' dir='ltr'>livoresque</span> <span class='ocrx_word' id='word_1_276' title='bbox 425 2973 563 3034; x_wconf 87' lang='lat' dir='ltr'>celeriter</span> <span class='ocrx_word' id='word_1_277' title='bbox 586 2973 745 3052; x_wconf 87' lang='lat' dir='ltr'>absterget.</span> <span class='ocrx_word' id='word_1_278' title='bbox 786 2971 867 3054; x_wconf 85' lang='lat' dir='ltr'>Mali,</span> <span class='ocrx_word' id='word_1_279' title='bbox 894 2973 924 3034; x_wconf 92' lang='lat' dir='ltr'>id</span> <span class='ocrx_word' id='word_1_280' title='bbox 948 2982 995 3033; x_wconf 89' lang='lat' dir='ltr'>est</span> <span class='ocrx_word' id='word_1_281' title='bbox 1017 2975 1098 3053; x_wconf 94' lang='lat' dir='ltr'>pomi</span> <span class='ocrx_word' id='word_1_282' title='bbox 1116 2977 1150 3028; x_wconf 82' lang='grc'>55</span> 
     </span>
     <span class='ocr_line' id='line_1_33' title="bbox 86 3060 1096 3143; baseline 0.001 -22"><span class='ocrx_word' id='word_1_283' title='bbox 86 3061 165 3140; x_wconf 94' lang='lat' dir='ltr'>quod</span> <span class='ocrx_word' id='word_1_284' title='bbox 188 3061 393 3143; x_wconf 85' lang='lat' dir='ltr'>manducatur,</span> <span class='ocrx_word' id='word_1_285' title='bbox 416 3061 463 3122; x_wconf 90' lang='lat' dir='ltr'>vel</span> <span class='ocrx_word' id='word_1_286' title='bbox 485 3064 574 3122; x_wconf 90' lang='lat' dir='ltr'>etiam</span> <span class='ocrx_word' id='word_1_287' title='bbox 596 3060 702 3122; x_wconf 90' lang='lat' dir='ltr'>Punici</span> <span class='ocrx_word' id='word_1_288' title='bbox 728 3063 843 3123; x_wconf 87' lang='lat' dir='ltr'>corium</span> <span class='ocrx_word' id='word_1_289' title='bbox 865 3071 1023 3122; x_wconf 88' lang='lat' dir='ltr'>contusum</span> <span class='ocrx_word' id='word_1_290' title='bbox 1048 3062 1096 3122; x_wconf 93' lang='lat' dir='ltr'>ad-</span> 
     </span>
     <span class='ocr_line' id='line_1_34' title="bbox 84 3149 1097 3229; baseline 0 -19"><span class='ocrx_word' id='word_1_291' title='bbox 84 3152 176 3210; x_wconf 90' lang='lat' dir='ltr'>mixta</span> <span class='ocrx_word' id='word_1_292' title='bbox 199 3149 316 3228; x_wconf 93' lang='lat' dir='ltr'>polenta</span> <span class='ocrx_word' id='word_1_293' title='bbox 336 3152 507 3229; x_wconf 90' lang='lat' dir='ltr'>impositum</span> <span class='ocrx_word' id='word_1_294' title='bbox 527 3159 557 3210; x_wconf 90' lang='lat' dir='ltr'>et</span> <span class='ocrx_word' id='word_1_295' title='bbox 575 3150 683 3210; x_wconf 90' lang='lat' dir='ltr'>livores</span> <span class='ocrx_word' id='word_1_296' title='bbox 702 3149 800 3210; x_wconf 89' lang='lat' dir='ltr'>abolet</span> <span class='ocrx_word' id='word_1_297' title='bbox 818 3158 848 3210; x_wconf 90' lang='lat' dir='ltr'>et</span> <span class='ocrx_word' id='word_1_298' title='bbox 866 3149 984 3210; x_wconf 90' lang='lat' dir='ltr'>dolores</span> <span class='ocrx_word' id='word_1_299' title='bbox 1005 3149 1097 3210; x_wconf 88' lang='lat' dir='ltr'>sedat.</span> 
     </span>
     <span class='ocr_line' id='line_1_35' title="bbox 85 3236 1150 3318; baseline -0.001 -20"><span class='ocrx_word' id='word_1_300' title='bbox 85 3237 176 3299; x_wconf 89' lang='lat' dir='ltr'>Lauri</span> <span class='ocrx_word' id='word_1_301' title='bbox 199 3236 340 3299; x_wconf 87' lang='lat' dir='ltr'>bacarum</span> <span class='ocrx_word' id='word_1_302' title='bbox 364 3241 546 3318; x_wconf 91' lang='lat' dir='ltr'>quartarium</span> <span class='ocrx_word' id='word_1_303' title='bbox 570 3257 677 3318; x_wconf 90' lang='lat' dir='ltr'>unum,</span> <span class='ocrx_word' id='word_1_304' title='bbox 701 3237 882 3318; x_wconf 85' lang='lat' dir='ltr'>myrobalani</span> <span class='ocrx_word' id='word_1_305' title='bbox 906 3240 1097 3318; x_wconf 86' lang='lat' dir='ltr'>semunciam,</span> <span class='ocrx_word' id='word_1_306' title='bbox 1116 3242 1150 3292; x_wconf 77' lang='grc'>58</span> 
     </span>
    </p>
   </div>
   <div class='ocr_carea' id='block_1_3' title="bbox 16 3325 1097 3583">
    <p class='ocr_par' dir='ltr' id='par_1_13' title="bbox 16 3325 1097 3583">
     <span class='ocr_line' id='line_1_36' title="bbox 16 3325 1097 3409; baseline -0.003 -22"><span class='ocrx_word' id='word_1_307' title='bbox 16 3341 71 3387; x_wconf 51' lang='grc'>555</span> <span class='ocrx_word' id='word_1_308' title='bbox 86 3327 273 3406; x_wconf 88' lang='lat' dir='ltr'>laenograeci</span> <span class='ocrx_word' id='word_1_309' title='bbox 300 3327 464 3409; x_wconf 89' lang='lat' dir='ltr'>heminam,</span> <span class='ocrx_word' id='word_1_310' title='bbox 492 3326 612 3407; x_wconf 80' lang='lat' dir='ltr'>serpylli</span> <span class='ocrx_word' id='word_1_311' title='bbox 639 3344 699 3387; x_wconf 92' lang='lat' dir='ltr'>nou</span> <span class='ocrx_word' id='word_1_312' title='bbox 726 3325 865 3405; x_wconf 87' lang='lat' dir='ltr'>multum;</span> <span class='ocrx_word' id='word_1_313' title='bbox 897 3327 994 3385; x_wconf 91' lang='lat' dir='ltr'>tunsis</span> <span class='ocrx_word' id='word_1_314' title='bbox 1022 3342 1097 3403; x_wconf 90' lang='lat' dir='ltr'>quae</span> 
     </span>
     <span class='ocr_line' id='line_1_37' title="bbox 84 3414 1095 3496; baseline -0.005 -20"><span class='ocrx_word' id='word_1_315' title='bbox 84 3415 172 3476; x_wconf 90' lang='lat' dir='ltr'>tundi</span> <span class='ocrx_word' id='word_1_316' title='bbox 206 3424 324 3494; x_wconf 91' lang='lat' dir='ltr'>oportet</span> <span class='ocrx_word' id='word_1_317' title='bbox 356 3425 444 3496; x_wconf 89' lang='lat' dir='ltr'>atque</span> <span class='ocrx_word' id='word_1_318' title='bbox 473 3415 612 3477; x_wconf 93' lang='lat' dir='ltr'>omnihus</span> <span class='ocrx_word' id='word_1_319' title='bbox 639 3418 670 3475; x_wconf 93' lang='lat' dir='ltr'>in</span> <span class='ocrx_word' id='word_1_320' title='bbox 697 3433 790 3475; x_wconf 89' lang='lat' dir='ltr'>unum</span> <span class='ocrx_word' id='word_1_321' title='bbox 819 3415 974 3493; x_wconf 84' lang='lat' dir='ltr'>permixtis</span> <span class='ocrx_word' id='word_1_322' title='bbox 1006 3414 1095 3474; x_wconf 89' lang='lat' dir='ltr'>medi-</span> 
     </span>
     <span class='ocr_line' id='line_1_38' title="bbox 85 3502 1096 3583; baseline -0.005 -18"><span class='ocrx_word' id='word_1_323' title='bbox 85 3523 190 3566; x_wconf 90' lang='lat' dir='ltr'>camen</span> <span class='ocrx_word' id='word_1_324' title='bbox 218 3504 291 3565; x_wconf 91' lang='lat' dir='ltr'>utile</span> <span class='ocrx_word' id='word_1_325' title='bbox 319 3504 471 3566; x_wconf 92' lang='lat' dir='ltr'>abolendis</span> <span class='ocrx_word' id='word_1_326' title='bbox 498 3503 642 3565; x_wconf 87' lang='lat' dir='ltr'>livoribus</span> <span class='ocrx_word' id='word_1_327' title='bbox 670 3503 774 3583; x_wconf 85' lang='lat' dir='ltr'>iacies,</span> <span class='ocrx_word' id='word_1_328' title='bbox 803 3520 861 3581; x_wconf 92' lang='lat' dir='ltr'>quo</span> <span class='ocrx_word' id='word_1_329' title='bbox 887 3502 1096 3581; x_wconf 78' lang='lat' dir='ltr'>pertriduum</span> 
     </span>
    </p>
   </div>
   <div class='ocr_carea' id='block_1_4' title="bbox 0 0 1277 3802">
    <p class='ocr_par' dir='ltr' id='par_1_14' title="bbox 0 0 1277 3802">
     <span class='ocr_line' id='line_1_39' title="bbox 0 0 1277 3802; baseline 0 0"><span class='ocrx_word' id='word_1_330' title='bbox 0 0 1277 3802; x_wconf 95' lang='lat' dir='ltr'> </span> 
     </span>
    </p>
   </div>
  </div>
 </body>
</html>
