2564 3794
562 153 775 222 -9'2-

164 319 211 379 dia
239 318 354 380 libanu:
391 319 526 380 Cadmiae
555 319 612 380 XI
632 320 665 401 8,
692 339 831 382 cerussae
855 321 925 400 XI,
953 322 1030 381 turis
1053 323 1179 384 masculi

163 407 235 486 XI,
260 409 319 487 opii
342 407 412 488 XI,
440 410 567 486 gummis
591 407 656 468 XI.
696 409 780 489 Aqua
809 409 928 488 pluviali
956 408 1077 488 colliges
1105 411 1178 472 haec

165 495 301 556 similiter
324 503 412 557 tunsa
435 505 523 574 atque
547 497 676 558 cribrata
704 505 792 576 atque
819 501 860 558 ita
884 497 1003 578 collyria
1026 498 1177 561 formabis.

112 583 267 663 208Hygra
297 584 333 644 ad
362 587 591 664 suppurationes
619 585 773 646 oculorum
802 587 957 648 conficitur
990 589 1047 650 sic:
1091 588 1179 649 Croci

166 671 258 732 Siculi
276 672 301 732 X
320 673 342 752 I,
367 675 442 733 turis
464 673 588 734 masculi
608 673 632 734 X
651 675 663 734 Ι
670 695 678 754 3
702 693 737 734 ex
760 675 847 735 melle
871 678 982 754 optimo
1002 675 1207 755 despumatoa

164 759 238 820 haec
260 761 336 821 hene
360 763 430 822 trita
454 761 574 840 colliges
597 769 719 823 etcum
742 781 777 823 eo
800 765 886 843 prius
913 763 989 824 bene
1018 767 1178 842 permisce-

111 847 216 915 toebis
239 858 269 910 et
293 851 336 910 sic
359 848 480 929 collyria
503 851 603 910 facies.
649 851 810 930 Collyrium
833 851 926 934 idem,
953 852 984 912 id
1007 860 1054 913 est
1076 853 1178 933 hygra,

164 939 272 1017 recipit
294 937 381 998 haec:
418 937 505 998 Croci
527 937 625 1013 XIII,
649 941 727 1000 aeris
750 943 811 1000 usti
833 939 859 999 X
878 940 915 1022 V,
939 941 1069 1000 cadmiae
1094 940 1119 1000 X
1142 941 1178 1020 II,

163 1025 332 1087 haematitis
355 1025 423 1085 XV
443 1026 471 1106 S,
495 1027 558 1088 folii
580 1026 647 1102 XI,
670 1031 778 1088 amomi
801 1028 868 1111 XI,
892 1028 961 1088 stibi
987 1027 1052 1109 XI,
1077 1047 1177 1090 cerus-

165 1131 214 1173 sae
238 1113 304 1194 XI,
327 1133 443 1193 myrrae
467 1114 533 1195 XI,
557 1117 617 1193 opii
641 1115 666 1175 X
686 1115 711 1197 Ι,
734 1119 847 1195 piperis
871 1117 930 1178 albi
952 1116 1024 1195 XI,
1049 1119 1176 1195 gummis
1192 1137 1222 1176 ro

164 1201 190 1260 X
209 1201 236 1260 II
255 1201 289 1283 83
312 1205 379 1262 rino
401 1203 527 1262 Amineo·
548 1211 637 1263 tunsa
660 1211 691 1264 et
709 1204 838 1265 cribrata
856 1206 930 1266 haec
949 1204 1069 1282 colliges
1088 1213 1177 1284 atque

111 1293 209 1354 motta
228 1289 347 1369 collyria
366 1290 515 1351 formabis,
544 1291 704 1370 Collyrium
719 1292 749 1352 di
764 1292 843 1353 aloes
858 1295 1015 1354 coniicitur
1029 1295 1085 1354 sic:
1106 1293 1177 1354 Cad-

164 1379 240 1438 miae
263 1377 320 1437 XI
340 1377 369 1458 8,
392 1379 560 1439 haematitis
583 1378 660 1452 XV,
684 1383 859 1442 ammoniaci
884 1381 909 1441 X
929 1381 942 1440 I
961 1381 990 1462 8,
1014 1383 1074 1460 opii
1098 1382 1124 1442 X
1148 1382 1177 1462 8,

164 1468 242 1526 aeris
264 1469 326 1528 usti
344 1466 370 1527 X
390 1467 419 1547 8,
442 1467 522 1527 aloes
540 1467 566 1527 X
585 1467 620 1547 II,
645 1471 795 1546 aeruginis
805 1469 840 1528 *X
856 1469 885 1550 8,
909 1471 1088 1548 opopanacis
1108 1471 1177 1552 XS,
1263 1519 1264 1524 ,

165 1554 234 1615 salis
257 1557 433 1627 ammoniaci
456 1555 521 1637 XI,
544 1555 660 1635 galbani
681 1552 709 1616 ¹X
729 1555 758 1637 8,
782 1576 898 1637 myrrae
918 1557 943 1618 X
964 1557 993 1638 8,
1017 1557 1094 1619 fellis
1113 1567 1176 1620 tau·
1192 1578 1221 1618 15

165 1645 224 1704 riui
246 1643 272 1703 X
293 1643 322 1726 8,
345 1643 459 1722 lepidae
478 1643 504 1702 X
524 1643 553 1725 8,
577 1647 704 1724 gummis
723 1644 780 1704 XI
800 1645 829 1706 8.
870 1646 943 1707 Cum
963 1665 1039 1725 aqua
1057 1647 1178 1725 pluviali

112 1732 243 1798 anbaee
270 1735 301 1792 in
329 1732 482 1810 pulverem
512 1733 631 1793 redacta
659 1740 739 1793 teres
768 1741 798 1793 et
821 1734 975 1796 formabis..
1018 1734 1177 1815 Collyrium

165 1821 213 1881 dia
232 1839 367 1900 smyrnes
386 1823 494 1899 recipit
511 1821 598 1882 baec:
622 1821 708 1881 Croci
727 1819 789 1902 XI,
813 1823 944 1884 cadmiae
963 1823 988 1882 X
1009 1823 1039 1903 8,
1061 1824 1178 1885 haema·
1263 1829 1264 1872 ἕ

165 1911 228 1970 titis
251 1909 317 1990 XI,
340 1927 456 1989 myrrae
480 1909 505 1969 X
525 1909 554 1990 8,
577 1911 667 1970 misui
689 1909 715 1969 X
737 1909 766 1990 8,
789 1913 902 1990 piperis
925 1911 951 1970 X
971 1911 1000 1990 8,
1024 1913 1085 1990 opii
1103 1912 1128 1972 X
1149 1913 1177 1994 8,

165 2000 292 2076 gummis
313 1998 336 2058 X
355 1999 388 2079 85
407 1998 560 2076 pulverem
574 2000 782 2059 tenuissimum
797 1999 902 2059 harum
922 2001 1088 2077 specierum
1109 2019 1177 2061 curn
1192 2021 1221 2059 ao

113 2088 238 2148 marino
258 2095 357 2147 vetere
376 2094 456 2146 teres
475 2097 505 2146 et
523 2086 643 2166 collyria
661 2087 730 2146 inde
750 2086 899 2146 formabis.
936 2085 1034 2164 Hygra
1053 2087 1089 2147 ad
1109 2105 1177 2168 sup-

165 2177 338 2252 purationes
361 2174 515 2234 oculorum
539 2176 646 2252 recipit
669 2174 754 2234 haec:
790 2174 925 2234 Cadmiae
949 2173 974 2232 X
997 2173 1068 2252 VIII,
1092 2178 1179 2255 spodi

165 2261 277 2340 XIIII,
301 2261 371 2322 stibi
393 2261 502 2341 XVII,
526 2265 607 2322 croci
631 2261 723 2322 Siculi
747 2262 772 2322 X
792 2261 851 2342 VII,
875 2261 966 2322 amuli
988 2261 1013 2322 X
1033 2261 1093 2344 VII,
1117 2269 1179 2344 opii

165 2349 277 2429 XIIII,
304 2352 432 2428 gummis
455 2348 562 2410 XIIII.
607 2348 686 2410 Haec
714 2353 745 2410 in
772 2349 926 2429 pulverem
949 2350 1178 2416 subtilissImum

111 2437 289 2499 213redacta
317 2455 385 2498 eum
413 2455 488 2516 aqua
514 2437 634 2516 pluviali
657 2447 737 2498 teres
761 2447 791 2498 et
813 2437 963 2500 formabis.
1009 2438 1178 2522 Descriptio
1193 2462 1221 2502 aa

165 2523 366 2606 xerocollyrii‚
396 2525 474 2605 quod
506 2525 736 2604 calliblepharon
769 2527 893 2587 dicitur:
939 2526 1054 2606 PIperis
1087 2563 1126 2574 -
1156 2531 1178 2612 Ι,

166 2611 247 2673 stibii
271 2645 313 2655 -
331 2614 352 2694 Ι,
376 2613 439 2673 ΙοΙίἰ
465 2613 546 2693 -I,
569 2613 674 2693 lapidis
697 2615 818 2695 Phrygii
840 2614 872 2676 P.
891 2615 912 2696 Ι,
938 2633 1025 2694 quem
1049 2615 1178 2695 lapidem

165 2700 279 2761 divides
306 2703 337 2761 in
364 2709 464 2781 partes
493 2709 606 2780 septem
636 2710 666 2762 et
691 2703 853 2785 conbures,
881 2703 1060 2764 conbustum
1083 2709 1178 2767 entih-

166 2807 239 2868 gues
265 2789 322 2850 hoc
350 2789 453 2850 modo:
498 2808 588 2850 unam
619 2798 734 2869 partem
762 2794 792 2852 in
820 2791 965 2872 balsamo,
995 2791 1118 2854 alteram
1146 2797 1177 2856 in

166 2877 329 2958 omphacio,
347 2880 466 2938 tertiam
485 2879 516 2938 in
535 2879 611 2938 lacte
629 2878 777 2960 muliebri,
796 2888 930 2958 quartam
950 2883 981 2941 in
996 2883 1073 2962 vino,
1093 2885 1178 2962 quin·
1192 2903 1220 2942 ao

165 2975 225 3027 tam
244 2969 274 3026 in
297 2969 383 3027 urina
399 2966 530 3046 infantis,
550 2975 661 3027 sextam
680 2969 711 3026 in
730 2967 847 3047 butyro,
867 2972 1021 3048 septimam
1040 2973 1071 3030 in
1091 2971 1178 3032 melle

164 3055 276 3136 Attico,
295 3073 370 3135 quae
389 3057 487 3116 omnia
506 3058 538 3115 in
556 3057 788 3117 minutissimum
807 3057 960 3135 pulverem
980 3058 1099 3120 redacta
1121 3063 1178 3120 cri-

164 3142 307 3223 brataque
335 3143 487 3226 miscebis;
516 3144 594 3222 quod
623 3146 648 3204 si
676 3147 774 3205 acrius
802 3163 867 3205 esse
896 3146 1039 3228 volueris,
1068 3147 1179 3209 adIcies

237 3302 250 3350 1
278 3295 437 3370 dialibenu]
466 3297 625 3368 diedianoy.
743 3303 760 3351 4
789 3296 864 3352 croci
893 3297 992 3371 Siculi]
1024 3299 1178 3357 crocodilli.

165 3373 200 3420 11
220 3368 368 3423 ammineo.
455 3375 487 3422 12
508 3367 639 3424 diacoles.
723 3373 755 3422 lo
774 3367 883 3422 mirrae.
968 3375 1002 3425 18
1021 3370 1178 3426 diaconites.
1263 3387 1264 3390 ’

164 3443 197 3490 21
218 3442 313 3494 vetere
330 3439 416 3510 teres]
436 3443 554 3494 veteres.
644 3445 678 3494 26
697 3436 877 3507 xyrocollhii.
968 3440 1178 3498 collebleforan.
1263 3437 1264 3468 Ι

165 3513 198 3561 27
217 3507 310 3577 frygii.
382 3515 416 3564 30
435 3508 564 3564 omfecio.
