2528 3814
498 139 740 204 -281-

110 298 199 360 mede
222 300 320 360 Attico
340 306 391 360 aut
410 317 478 361 cum
498 302 564 360 vino
584 309 703 360 austero
723 301 862 361 candenti
881 301 960 362 ferro
983 299 1125 363 calefacto

112 387 277 448 bibendum
298 387 479 468 dysinterico
503 388 600 470 dabis;
623 390 699 448 mire
722 389 865 467 proderit.

164 545 165 548 Ἴ
203 475 298 537 Ovum
327 477 567 537 recentissimum
595 479 710 555 aperies
734 479 818 538 etin
841 476 963 539 calicem
986 478 1178 540 vacuabisaa

114 583 148 626 ac
176 571 283 625 testam
310 567 374 626 eius
402 564 540 644 implebis
567 565 653 625 melle
678 567 788 644 optimo
812 566 986 644 despumato
1009 586 1126 628 necnon

86 652 180 715 soleo
207 652 295 713 viridi
322 653 401 714 bono
429 661 459 714 et
486 655 518 714 iu
545 656 644 733 ipsum
667 653 789 715 calicem
812 653 957 715 defundes
981 674 1014 716 ac
1038 656 1127 716 simul

115 742 214 802 omnia
236 741 431 818 permiscebis
452 749 483 802 et
501 742 552 802 diu
571 741 695 821 agitabis
714 761 748 802 ae
767 750 870 821 postea
888 745 920 802 in
939 743 1032 804 calida
1051 762 1127 822 aqua

114 831 214 908 ipsum
237 829 359 890 calicem
383 830 543 909 tepefacies
567 839 597 891 et
621 833 663 891 sic
683 830 766 891 dabis
786 831 975 914 dysinterico‚
999 833 1049 893 cui
1066 850 1127 892 me·

115 917 245 978 dandum
268 919 339 999 erit3
361 919 436 979 mire
459 919 601 997 proderit.

204 1005 264 1066 Ros
284 1009 432 1066 marinum
452 1009 514 1067 sive
532 1007 606 1068 rhus
625 1006 778 1088 orientale,
802 1007 881 1086 quod
901 1015 947 1068 est
969 1011 1126 1089 minutum,
1145 1017 1180 1068 40

75 1116 101 1156 ιο
115 1093 242 1174 robium,
266 1094 362 1154 simile
385 1094 552 1175 lenticulae,
576 1104 718 1174 quantum
742 1095 840 1156 tribus
859 1095 960 1174 digitis
979 1098 1126 1175 prendere

113 1184 258 1264 potueris,
281 1185 382 1244 mittes
405 1185 436 1243 in
460 1185 634 1244 mortarium
653 1193 683 1245 et
701 1193 782 1245 teres
801 1203 869 1245 oum
888 1186 956 1244 vino
976 1193 1006 1246 et
1023 1194 1127 1265 postea

113 1274 146 1332 in
173 1270 253 1331 aliud
282 1270 433 1332 vasculum
460 1273 561 1332 mittes
589 1272 713 1333 calidam
737 1280 825 1351 atque
849 1272 891 1334 ibi
914 1275 1074 1352 tepefacies
1097 1283 1128 1335 et

115 1361 158 1421 sie
182 1359 266 1420 dabis
290 1359 471 1438 dysinteriae
494 1359 670 1442 bibendum,
698 1363 797 1421 statim
824 1361 1050 1443 remediabitur3
1075 1363 1127 1423 sed

114 1466 170 1527 per
191 1447 324 1508 triduum
348 1449 523 1509 continuum
545 1448 602 1509 hoc
621 1449 785 1510 remedium
805 1457 835 1510 et
853 1457 965 1532 postea,
989 1453 1127 1530 quotiens

73 1555 100 1597 15
114 1537 206 1598 forerit
228 1538 439 1618 necessarium,
462 1536 555 1597 dabis.
1048 1593 1049 1598 ,

203 1623 319 1685 Vitrum
341 1632 422 1685 teres
445 1625 603 1704 diligenter
624 1633 654 1686 et
678 1624 817 1686 criblabis
836 1634 866 1686 et
884 1627 1016 1686 masticis
1037 1645 1127 1704 grana
1146 1632 1179 1698 41

113 1721 194 1774 teres
218 1721 306 1792 atque
330 1715 433 1792 aequis
456 1716 606 1774 mensuris
629 1714 823 1792 permiscebis
842 1723 872 1775 et
891 1733 927 1774 ex
945 1715 992 1776 his
1012 1715 1128 1794 singula

114 1802 259 1862 coclearia
282 1801 462 1881 dysinteriae
490 1803 522 1861 in
547 1804 616 1862 vino
645 1809 730 1862 cocto
754 1804 963 1881 pertriduum
987 1803 1033 1863 rel
1056 1822 1127 1882 quo·

76 1922 78 1926 ·
114 1891 192 1950 tiens
216 1907 291 1970 opus
315 1890 406 1950 luerit
428 1889 525 1971 dabis,
548 1889 704 1951 miraberis
728 1891 893 1952 remedium
917 1894 1127 1971 experimentis

75 1997 101 2038 so
115 1977 283 2058 probatum.

204 2065 249 2127 Ad
281 2065 473 2146 dysinteriam
506 2067 671 2128 remedium
704 2067 915 2129 efficassimum
944 2071 1000 2130 sic:
1032 2068 1127 2130 Rosae
1146 2075 1180 2123 42

6 2157 7 2230 ζ
115 2155 264 2218 silvaticae
288 2154 375 2217 bacas
399 2154 553 2235 oblongas,
576 2155 767 2236 rubicundas,
790 2164 931 2236 maturas,
953 2160 1051 2235 inpari
1073 2177 1127 2218 nu-

6 2235 7 2284 1
115 2262 198 2304 mero
213 2243 259 2303 vel
273 2241 324 2302 Vll
338 2242 384 2302 vel
397 2241 477 2302 Vllll
491 2243 537 2303 vel
552 2242 592 2302 lll
610 2246 696 2304 tritas
713 2245 871 2324 diligenter
885 2245 968 2306 dabis
982 2244 1129 2307 laboranti

115 2333 295 2412 dysinterioo
320 2331 355 2391 ad
379 2333 509 2410 potionis
532 2331 653 2392 modum
677 2351 744 2393 cum
768 2333 854 2393 melle
878 2333 975 2394 Attico
1002 2337 1128 2414 styptico

74 2437 101 2479 ss
116 2419 162 2480 vel
180 2421 249 2480 vino
268 2426 379 2500 vetere,
402 2422 506 2480 sinon
525 2419 715 2500 febricitabit‚
738 2420 785 2482 vel
804 2440 872 2482 cum
891 2440 976 2502 aqua,
996 2425 1022 2483 si
1040 2423 1128 2484 febri-

115 2508 233 2590 citabit‚
261 2515 291 2568 et
319 2509 346 2568 si
373 2526 497 2568 necesse
525 2508 630 2590 luerit,
657 2510 869 2588 pertriduum
895 2510 992 2592 dabis3
1008 2514 1127 2585 mirum

115 2599 280 2676 experieris
302 2596 477 2658 remedium.

204 2685 249 2745 Ad
273 2685 470 2764 dysintericos
493 2687 601 2746 mirum
625 2686 804 2767 remedium,
833 2686 913 2765 quod
941 2699 1075 2748 ventrem
1099 2695 1129 2748 et
1146 2693 1181 2740 43

9 2764 12 2779 ’
114 2782 224 2853 purgat
247 2783 277 2834 et
300 2775 434 2854 stringit,
459 2775 515 2834 sio:
539 2773 630 2853 Gypsi
654 2777 806 2854 peregrini
828 2777 893 2835 triti
915 2809 960 2818 -
978 2775 1000 2856 l,
1024 2794 1128 2856 speou·

73 2862 187 2924 solaris
211 2861 349 2922 conbusti
372 2863 437 2922 triti
457 2895 495 2905 —
513 2861 534 2942 l,
558 2863 594 2922 de
618 2865 704 2923 testis
728 2871 895 2924 ostrearum
914 2864 1128 2925 conbustarum

116 2985 159 2994 —
178 2949 199 3012 l.
232 2949 311 3011 Haec
331 2951 429 3010 omnia
447 2957 640 3031 posteaquam
659 2953 729 3012 trita
748 2953 860 3012 luerint
879 2959 909 3012 et
927 2954 1027 3033 mixta,
1046 2953 1129 3014 tollet

115 3039 194 3120 inde,
215 3041 267 3118 qui
285 3038 367 3098 dabit
385 3039 560 3119 remedium,
579 3039 675 3101 tribus
695 3040 795 3119 digitis
814 3040 965 3119 prioribus
985 3060 1053 3102 curn
1067 3039 1128 3121 pol-

114 3128 172 3189 lice
203 3134 347 3207 qoantum
375 3127 466 3188 semel
494 3145 600 3205 capere
628 3131 773 3211 potuerit,
804 3137 834 3188 et
861 3130 892 3188 in
920 3131 1040 3206 potione
1069 3129 1129 3188 vini

207 3285 222 3334 1
254 3279 339 3334 melle
371 3278 467 3334 Attico
499 3281 617 3349 scripsi:
651 3281 776 3334 mettico.
914 3286 937 3340 ,7
968 3279 1129 3350 dysinteria.

10 3356 12 3419 ζ
115 3358 132 3408 9
161 3351 298 3407 orientale
325 3352 437 3419 scripsi.-
465 3351 639 3406 orientalem.
750 3357 782 3404 12
811 3349 934 3404 vasculo.
1021 3356 1054 3406 18
1084 3367 1129 3406 co·

115 3425 240 3564 ppitptpico·
253 3427 286 3476 19
307 3421 399 3492 dabis]
419 3420 540 3476 dabitur.
602 3428 637 3477 24
656 3419 739 3477 melle
759 3421 854 3476 Attico
873 3422 986 3490 scripsi:
1003 3421 1129 3478 mettioo.
