<?xml version="1.0" encoding="UTF-8"?>
<!DOCTYPE html PUBLIC "-//W3C//DTD XHTML 1.0 Transitional//EN"
    "http://www.w3.org/TR/xhtml1/DTD/xhtml1-transitional.dtd">
<html xmlns="http://www.w3.org/1999/xhtml" xml:lang="en" lang="en">
 <head>
  <title>
</title>
<meta http-equiv="Content-Type" content="text/html;charset=utf-8" />
  <meta name='ocr-system' content='tesseract 3.04.00' />
  <meta name='ocr-capabilities' content='ocr_page ocr_carea ocr_par ocr_line ocrx_word'/>
</head>
<body>
  <div class='ocr_page' id='page_1' title='image "./marcellidemedic02helmgoog_0154.png"; bbox 0 0 2564 3794; ppageno 0'>
   <div class='ocr_carea' id='block_1_1' title="bbox 544 124 783 190">
    <p class='ocr_par' dir='ltr' id='par_1_1' title="bbox 544 124 783 190">
     <span class='ocr_line' id='line_1_1' title="bbox 544 124 783 190; baseline -0.004 -1"><span class='ocrx_word' id='word_1_1' title='bbox 544 124 783 190; x_wconf 71' lang='lat'>-142-</span> 
     </span>
    </p>
   </div>
   <div class='ocr_carea' id='block_1_2' title="bbox 119 285 1196 899">
    <p class='ocr_par' dir='ltr' id='par_1_2' title="bbox 154 285 1168 614">
     <span class='ocr_line' id='line_1_2' title="bbox 154 285 1168 366; baseline -0.003 -18"><span class='ocrx_word' id='word_1_2' title='bbox 154 294 304 366; x_wconf 86' lang='lat' dir='ltr'>teruntur,</span> <span class='ocrx_word' id='word_1_3' title='bbox 323 296 356 347; x_wconf 87' lang='lat' dir='ltr'>nt</span> <span class='ocrx_word' id='word_1_4' title='bbox 374 285 535 366; x_wconf 87' lang='lat' dir='ltr'>solvantur,</span> <span class='ocrx_word' id='word_1_5' title='bbox 558 286 665 347; x_wconf 92' lang='lat' dir='ltr'>deinde</span> <span class='ocrx_word' id='word_1_6' title='bbox 684 288 844 348; x_wconf 90' lang='lat' dir='ltr'>mittuntur</span> <span class='ocrx_word' id='word_1_7' title='bbox 863 288 894 347; x_wconf 91' lang='lat' dir='ltr'>in</span> <span class='ocrx_word' id='word_1_8' title='bbox 914 305 964 347; x_wconf 93' lang='lat' dir='ltr'>vas</span> <span class='ocrx_word' id='word_1_9' title='bbox 983 287 1060 346; x_wconf 90' lang='lat' dir='ltr'>aeris</span> <span class='ocrx_word' id='word_1_10' title='bbox 1081 285 1168 346; x_wconf 87' lang='lat' dir='ltr'>rubri</span> 
     </span>
     <span class='ocr_line' id='line_1_3' title="bbox 154 374 1168 454; baseline -0.001 -19"><span class='ocrx_word' id='word_1_11' title='bbox 154 383 243 454; x_wconf 89' lang='lat' dir='ltr'>atque</span> <span class='ocrx_word' id='word_1_12' title='bbox 272 375 443 436; x_wconf 88' lang='lat' dir='ltr'>adiciuntur</span> <span class='ocrx_word' id='word_1_13' title='bbox 470 383 569 437; x_wconf 88' lang='lat' dir='ltr'>cetera</span> <span class='ocrx_word' id='word_1_14' title='bbox 597 384 626 435; x_wconf 84' lang='lat' dir='ltr'>et</span> <span class='ocrx_word' id='word_1_15' title='bbox 655 383 826 454; x_wconf 89' lang='lat' dir='ltr'>coquuntur</span> <span class='ocrx_word' id='word_1_16' title='bbox 849 375 884 434; x_wconf 92' lang='lat' dir='ltr'>ad</span> <span class='ocrx_word' id='word_1_17' title='bbox 908 374 1004 436; x_wconf 90' lang='lat' dir='ltr'>mellis</span> <span class='ocrx_word' id='word_1_18' title='bbox 1027 377 1168 435; x_wconf 89' lang='lat' dir='ltr'>crassitu-</span> 
     </span>
     <span class='ocr_line' id='line_1_4' title="bbox 154 463 1168 545; baseline -0.002 -21"><span class='ocrx_word' id='word_1_19' title='bbox 154 464 266 545; x_wconf 82' lang='lat' dir='ltr'>dinem3</span> <span class='ocrx_word' id='word_1_20' title='bbox 291 464 359 524; x_wconf 93' lang='lat' dir='ltr'>hinc</span> <span class='ocrx_word' id='word_1_21' title='bbox 383 463 501 524; x_wconf 91' lang='lat' dir='ltr'>dabitur</span> <span class='ocrx_word' id='word_1_22' title='bbox 524 463 570 524; x_wconf 93' lang='lat' dir='ltr'>bis</span> <span class='ocrx_word' id='word_1_23' title='bbox 593 464 639 524; x_wconf 85' lang='lat' dir='ltr'>vel</span> <span class='ocrx_word' id='word_1_24' title='bbox 663 472 709 524; x_wconf 88' lang='lat' dir='ltr'>ter</span> <span class='ocrx_word' id='word_1_25' title='bbox 733 464 826 542; x_wconf 91' lang='lat' dir='ltr'>digito</span> <span class='ocrx_word' id='word_1_26' title='bbox 846 464 959 543; x_wconf 88' lang='lat' dir='ltr'>lingere</span> <span class='ocrx_word' id='word_1_27' title='bbox 983 465 1168 544; x_wconf 69' lang='grc'><strong>111111111-</strong></span> 
     </span>
     <span class='ocr_line' id='line_1_5' title="bbox 154 553 361 614; baseline 0.005 -1"><span class='ocrx_word' id='word_1_28' title='bbox 154 553 285 614; x_wconf 88' lang='lat' dir='ltr'>dendum</span> <span class='ocrx_word' id='word_1_29' title='bbox 308 560 361 614; x_wconf 87' lang='lat' dir='ltr'>est</span> 
     </span>
    </p>

    <p class='ocr_par' dir='ltr' id='par_1_3' title="bbox 119 639 1196 899">
     <span class='ocr_line' id='line_1_6' title="bbox 119 639 1196 722; baseline -0.003 -19"><span class='ocrx_word' id='word_1_30' title='bbox 119 655 135 703; x_wconf 86' lang='lat'>8</span> <span class='ocrx_word' id='word_1_31' title='bbox 243 641 287 701; x_wconf 79' lang='lat' dir='ltr'>hd</span> <span class='ocrx_word' id='word_1_32' title='bbox 307 641 472 722; x_wconf 83' lang='lat' dir='ltr'>synanches</span> <span class='ocrx_word' id='word_1_33' title='bbox 490 640 656 701; x_wconf 78' lang='lat' dir='ltr'><strong>molestiam</strong></span> <span class='ocrx_word' id='word_1_34' title='bbox 675 650 704 702; x_wconf 91' lang='lat' dir='ltr'>et</span> <span class='ocrx_word' id='word_1_35' title='bbox 719 641 848 701; x_wconf 88' lang='lat' dir='ltr'>lancium</span> <span class='ocrx_word' id='word_1_36' title='bbox 867 641 1000 701; x_wconf 88' lang='lat' dir='ltr'>dolorem</span> <span class='ocrx_word' id='word_1_37' title='bbox 1019 639 1196 719; x_wconf 85' lang='lat' dir='ltr'>periculo-c</span> 
     </span>
     <span class='ocr_line' id='line_1_7' title="bbox 156 728 1168 808; baseline -0.003 -17"><span class='ocrx_word' id='word_1_38' title='bbox 156 749 222 791; x_wconf 90' lang='lat' dir='ltr'>sum</span> <span class='ocrx_word' id='word_1_39' title='bbox 241 730 344 791; x_wconf 85' lang='lat' dir='ltr'>efficax</span> <span class='ocrx_word' id='word_1_40' title='bbox 364 730 548 790; x_wconf 80' lang='lat' dir='ltr'><strong>medicamen</strong></span> <span class='ocrx_word' id='word_1_41' title='bbox 567 730 725 790; x_wconf 85' lang='lat' dir='ltr'>coniicitur</span> <span class='ocrx_word' id='word_1_42' title='bbox 743 728 901 808; x_wconf 82' lang='lat' dir='ltr'>diligenter</span> <span class='ocrx_word' id='word_1_43' title='bbox 924 737 954 790; x_wconf 93' lang='lat' dir='ltr'>et</span> <span class='ocrx_word' id='word_1_44' title='bbox 978 728 1168 789; x_wconf 88' lang='lat' dir='ltr'>reconditum</span> 
     </span>
     <span class='ocr_line' id='line_1_8' title="bbox 155 816 1169 899; baseline -0.003 -20"><span class='ocrx_word' id='word_1_45' title='bbox 155 822 185 880; x_wconf 94' lang='lat' dir='ltr'>in</span> <span class='ocrx_word' id='word_1_46' title='bbox 209 819 358 899; x_wconf 89' lang='lat' dir='ltr'>praesidio</span> <span class='ocrx_word' id='word_1_47' title='bbox 381 818 520 880; x_wconf 87' lang='lat' dir='ltr'>habetur:</span> <span class='ocrx_word' id='word_1_48' title='bbox 557 817 615 898; x_wconf 93' lang='lat' dir='ltr'>lus,</span> <span class='ocrx_word' id='word_1_49' title='bbox 639 821 669 878; x_wconf 94' lang='lat' dir='ltr'>in</span> <span class='ocrx_word' id='word_1_50' title='bbox 694 836 753 897; x_wconf 91' lang='lat' dir='ltr'>quo</span> <span class='ocrx_word' id='word_1_51' title='bbox 776 817 969 878; x_wconf 83' lang='lat' dir='ltr'>hirundinum</span> <span class='ocrx_word' id='word_1_52' title='bbox 993 816 1066 896; x_wconf 92' lang='lat' dir='ltr'>pulli</span> <span class='ocrx_word' id='word_1_53' title='bbox 1089 819 1169 877; x_wconf 89' lang='lat' dir='ltr'>cocti</span> 
     </span>
    </p>
   </div>
   <div class='ocr_carea' id='block_1_3' title="bbox 100 906 1213 3198">
    <p class='ocr_par' dir='ltr' id='par_1_4' title="bbox 154 906 1169 989">
     <span class='ocr_line' id='line_1_9' title="bbox 154 906 1169 989; baseline -0.004 -20"><span class='ocrx_word' id='word_1_54' title='bbox 154 909 279 989; x_wconf 85' lang='lat' dir='ltr'>suerint,</span> <span class='ocrx_word' id='word_1_55' title='bbox 307 909 453 986; x_wconf 78' lang='lat' dir='ltr'>accipitur</span> <span class='ocrx_word' id='word_1_56' title='bbox 475 915 581 985; x_wconf 88' lang='lat' dir='ltr'>tepens</span> <span class='ocrx_word' id='word_1_57' title='bbox 605 915 635 966; x_wconf 89' lang='lat' dir='ltr'>ct</span> <span class='ocrx_word' id='word_1_58' title='bbox 658 909 736 967; x_wconf 89' lang='lat' dir='ltr'>intra</span> <span class='ocrx_word' id='word_1_59' title='bbox 760 906 860 967; x_wconf 83' lang='lat' dir='ltr'>fauces</span> <span class='ocrx_word' id='word_1_60' title='bbox 883 907 1055 966; x_wconf 83' lang='lat' dir='ltr'>continetur</span> <span class='ocrx_word' id='word_1_61' title='bbox 1077 912 1169 983; x_wconf 87' lang='lat' dir='ltr'>atque</span> 
     </span>
    </p>

    <p class='ocr_par' dir='ltr' id='par_1_5' title="bbox 119 993 1213 1604">
     <span class='ocr_line' id='line_1_10' title="bbox 119 993 1169 1075; baseline -0.006 -17"><span class='ocrx_word' id='word_1_62' title='bbox 119 1010 134 1058; x_wconf 83' lang='lat'>9</span> <span class='ocrx_word' id='word_1_63' title='bbox 154 996 264 1074; x_wconf 91' lang='lat' dir='ltr'>aliquid</span> <span class='ocrx_word' id='word_1_64' title='bbox 283 997 353 1057; x_wconf 89' lang='lat' dir='ltr'>inde</span> <span class='ocrx_word' id='word_1_65' title='bbox 372 998 592 1056; x_wconf 79' lang='lat' dir='ltr'>transmittitur.</span> <span class='ocrx_word' id='word_1_66' title='bbox 623 995 681 1055; x_wconf 89' lang='lat' dir='ltr'>Sed</span> <span class='ocrx_word' id='word_1_67' title='bbox 699 997 859 1075; x_wconf 89' lang='lat' dir='ltr'>praecipue</span> <span class='ocrx_word' id='word_1_68' title='bbox 878 1003 981 1056; x_wconf 88' lang='lat' dir='ltr'>contra</span> <span class='ocrx_word' id='word_1_69' title='bbox 996 993 1169 1073; x_wconf 78' lang='lat' dir='ltr'>synanchen</span> 
     </span>
     <span class='ocr_line' id='line_1_11' title="bbox 154 1082 1211 1164; baseline -0.002 -20"><span class='ocrx_word' id='word_1_70' title='bbox 154 1085 290 1164; x_wconf 88' lang='lat' dir='ltr'>prodest,</span> <span class='ocrx_word' id='word_1_71' title='bbox 319 1087 343 1143; x_wconf 93' lang='lat' dir='ltr'>si</span> <span class='ocrx_word' id='word_1_72' title='bbox 370 1084 579 1145; x_wconf 89' lang='lat' dir='ltr'>hirundininos</span> <span class='ocrx_word' id='word_1_73' title='bbox 606 1083 704 1162; x_wconf 91' lang='lat' dir='ltr'>pullos</span> <span class='ocrx_word' id='word_1_74' title='bbox 727 1086 808 1143; x_wconf 84' lang='lat' dir='ltr'>vivos</span> <span class='ocrx_word' id='word_1_75' title='bbox 836 1087 867 1143; x_wconf 94' lang='lat' dir='ltr'>in</span> <span class='ocrx_word' id='word_1_76' title='bbox 891 1083 960 1143; x_wconf 95' lang='lat' dir='ltr'>nido</span> <span class='ocrx_word' id='word_1_77' title='bbox 984 1082 1112 1161; x_wconf 86' lang='lat' dir='ltr'>prendas</span> <span class='ocrx_word' id='word_1_78' title='bbox 1137 1090 1169 1142; x_wconf 88' lang='grc'>11</span> <span class='ocrx_word' id='word_1_79' title='bbox 1185 1101 1211 1142; x_wconf 94' lang='lat' dir='ltr'>1o</span> 
     </span>
     <span class='ocr_line' id='line_1_12' title="bbox 155 1170 1170 1250; baseline -0.002 -18"><span class='ocrx_word' id='word_1_80' title='bbox 155 1175 236 1232; x_wconf 90' lang='lat' dir='ltr'>vivos</span> <span class='ocrx_word' id='word_1_81' title='bbox 259 1172 409 1250; x_wconf 89' lang='lat' dir='ltr'>incendas,</span> <span class='ocrx_word' id='word_1_82' title='bbox 430 1181 464 1232; x_wconf 91' lang='lat' dir='ltr'>ut</span> <span class='ocrx_word' id='word_1_83' title='bbox 487 1171 584 1250; x_wconf 89' lang='lat' dir='ltr'>pulvis</span> <span class='ocrx_word' id='word_1_84' title='bbox 608 1191 642 1232; x_wconf 83' lang='grc'>11</span> <span class='ocrx_word' id='word_1_85' title='bbox 666 1172 714 1232; x_wconf 93' lang='lat' dir='ltr'>bis</span> <span class='ocrx_word' id='word_1_86' title='bbox 732 1173 793 1250; x_wconf 86' lang='lat' dir='ltr'>fiat,</span> <span class='ocrx_word' id='word_1_87' title='bbox 816 1171 863 1232; x_wconf 93' lang='lat' dir='ltr'>die</span> <span class='ocrx_word' id='word_1_88' title='bbox 882 1171 959 1231; x_wconf 88' lang='lat' dir='ltr'>loris</span> <span class='ocrx_word' id='word_1_89' title='bbox 978 1170 1078 1231; x_wconf 90' lang='lat' dir='ltr'>liduna</span> <span class='ocrx_word' id='word_1_90' title='bbox 1097 1171 1170 1230; x_wconf 91' lang='lat' dir='ltr'>luna</span> 
     </span>
     <span class='ocr_line' id='line_1_13' title="bbox 154 1259 1171 1340; baseline 0.002 -22"><span class='ocrx_word' id='word_1_91' title='bbox 154 1267 263 1319; x_wconf 85' lang='lat' dir='ltr'>vetere.</span> <span class='ocrx_word' id='word_1_92' title='bbox 298 1259 355 1319; x_wconf 87' lang='lat' dir='ltr'>Sed</span> <span class='ocrx_word' id='word_1_93' title='bbox 379 1259 513 1340; x_wconf 90' lang='lat' dir='ltr'>observa,</span> <span class='ocrx_word' id='word_1_94' title='bbox 536 1269 570 1320; x_wconf 91' lang='lat' dir='ltr'>ut</span> <span class='ocrx_word' id='word_1_95' title='bbox 588 1262 707 1338; x_wconf 88' lang='lat' dir='ltr'>inpares</span> <span class='ocrx_word' id='word_1_96' title='bbox 726 1263 756 1320; x_wconf 94' lang='lat' dir='ltr'>in</span> <span class='ocrx_word' id='word_1_97' title='bbox 775 1259 845 1320; x_wconf 94' lang='lat' dir='ltr'>nido</span> <span class='ocrx_word' id='word_1_98' title='bbox 864 1262 1046 1320; x_wconf 82' lang='lat' dir='ltr'>invenisset</span> <span class='ocrx_word' id='word_1_99' title='bbox 1065 1262 1171 1338; x_wconf 85' lang='lat' dir='ltr'>quanti</span> 
     </span>
     <span class='ocr_line' id='line_1_14' title="bbox 155 1347 1171 1427; baseline 0.001 -19"><span class='ocrx_word' id='word_1_100' title='bbox 155 1349 267 1408; x_wconf 85' lang='lat' dir='ltr'>luerint</span> <span class='ocrx_word' id='word_1_101' title='bbox 290 1366 405 1408; x_wconf 85' lang='lat' dir='ltr'>exuras.</span> <span class='ocrx_word' id='word_1_102' title='bbox 441 1347 556 1408; x_wconf 90' lang='lat' dir='ltr'>Horum</span> <span class='ocrx_word' id='word_1_103' title='bbox 579 1350 610 1407; x_wconf 91' lang='lat' dir='ltr'>in</span> <span class='ocrx_word' id='word_1_104' title='bbox 628 1347 722 1408; x_wconf 91' lang='lat' dir='ltr'>calida</span> <span class='ocrx_word' id='word_1_105' title='bbox 740 1366 816 1427; x_wconf 88' lang='lat' dir='ltr'>aqua</span> <span class='ocrx_word' id='word_1_106' title='bbox 834 1347 987 1427; x_wconf 90' lang='lat' dir='ltr'>pulverem</span> <span class='ocrx_word' id='word_1_107' title='bbox 1006 1347 1171 1409; x_wconf 89' lang='lat' dir='ltr'>bibendum</span> 
     </span>
     <span class='ocr_line' id='line_1_15' title="bbox 156 1435 1170 1516; baseline 0 -20"><span class='ocrx_word' id='word_1_108' title='bbox 156 1435 239 1496; x_wconf 95' lang='lat' dir='ltr'>dabis</span> <span class='ocrx_word' id='word_1_109' title='bbox 263 1435 352 1497; x_wconf 90' lang='lat' dir='ltr'>etde</span> <span class='ocrx_word' id='word_1_110' title='bbox 375 1438 441 1515; x_wconf 90' lang='lat' dir='ltr'>ipso</span> <span class='ocrx_word' id='word_1_111' title='bbox 464 1436 586 1515; x_wconf 88' lang='lat' dir='ltr'>pulvere</span> <span class='ocrx_word' id='word_1_112' title='bbox 610 1435 702 1515; x_wconf 82' lang='lat' dir='ltr'>digito</span> <span class='ocrx_word' id='word_1_113' title='bbox 725 1436 823 1497; x_wconf 88' lang='lat' dir='ltr'>locum</span> <span class='ocrx_word' id='word_1_114' title='bbox 847 1436 1012 1516; x_wconf 82' lang='lat' dir='ltr'>synanches</span> <span class='ocrx_word' id='word_1_115' title='bbox 1031 1435 1068 1496; x_wconf 94' lang='lat' dir='ltr'>ab</span> <span class='ocrx_word' id='word_1_116' title='bbox 1087 1439 1170 1496; x_wconf 91' lang='lat' dir='ltr'>intro</span> 
     </span>
     <span class='ocr_line' id='line_1_16' title="bbox 155 1524 1213 1604; baseline 0.001 -19"><span class='ocrx_word' id='word_1_117' title='bbox 155 1527 322 1604; x_wconf 82' lang='lat' dir='ltr'>continges3</span> <span class='ocrx_word' id='word_1_118' title='bbox 345 1525 501 1585; x_wconf 89' lang='lat' dir='ltr'>miraberis</span> <span class='ocrx_word' id='word_1_119' title='bbox 525 1524 699 1604; x_wconf 86' lang='lat' dir='ltr'>remedium,</span> <span class='ocrx_word' id='word_1_120' title='bbox 723 1525 775 1585; x_wconf 88' lang='lat' dir='ltr'>sed</span> <span class='ocrx_word' id='word_1_121' title='bbox 796 1524 896 1586; x_wconf 90' lang='lat' dir='ltr'>inlotis</span> <span class='ocrx_word' id='word_1_122' title='bbox 916 1525 1053 1586; x_wconf 87' lang='lat' dir='ltr'>menibus</span> <span class='ocrx_word' id='word_1_123' title='bbox 1072 1543 1169 1586; x_wconf 90' lang='lat' dir='ltr'>reme·</span> <span class='ocrx_word' id='word_1_124' title='bbox 1186 1545 1213 1586; x_wconf 87' lang='lat' dir='ltr'>1o</span> 
     </span>
    </p>

    <p class='ocr_par' dir='ltr' id='par_1_6' title="bbox 103 1613 1172 1870">
     <span class='ocr_line' id='line_1_17' title="bbox 103 1613 1170 1694; baseline 0 -20"><span class='ocrx_word' id='word_1_125' title='bbox 103 1627 135 1674; x_wconf 87' lang='lat'>10</span> <span class='ocrx_word' id='word_1_126' title='bbox 155 1614 237 1674; x_wconf 92' lang='lat' dir='ltr'>dium</span> <span class='ocrx_word' id='word_1_127' title='bbox 260 1614 358 1674; x_wconf 89' lang='lat' dir='ltr'>facies.</span> <span class='ocrx_word' id='word_1_128' title='bbox 404 1613 525 1694; x_wconf 86' lang='lat' dir='ltr'>Rotam,</span> <span class='ocrx_word' id='word_1_129' title='bbox 551 1614 654 1693; x_wconf 89' lang='lat' dir='ltr'>alium,</span> <span class='ocrx_word' id='word_1_130' title='bbox 677 1613 754 1674; x_wconf 89' lang='lat' dir='ltr'>laser</span> <span class='ocrx_word' id='word_1_131' title='bbox 782 1613 899 1692; x_wconf 90' lang='lat' dir='ltr'>aequali</span> <span class='ocrx_word' id='word_1_132' title='bbox 923 1631 1063 1674; x_wconf 91' lang='lat' dir='ltr'>mensura</span> <span class='ocrx_word' id='word_1_133' title='bbox 1087 1616 1170 1689; x_wconf 88' lang='lat' dir='ltr'>trita,</span> 
     </span>
     <span class='ocr_line' id='line_1_18' title="bbox 155 1702 1172 1782; baseline 0.001 -19"><span class='ocrx_word' id='word_1_134' title='bbox 155 1706 181 1763; x_wconf 93' lang='lat' dir='ltr'>si</span> <span class='ocrx_word' id='word_1_135' title='bbox 208 1721 245 1762; x_wconf 84' lang='lat' dir='ltr'>ex</span> <span class='ocrx_word' id='word_1_136' title='bbox 273 1705 340 1762; x_wconf 90' lang='lat' dir='ltr'>vino</span> <span class='ocrx_word' id='word_1_137' title='bbox 368 1706 532 1782; x_wconf 89' lang='lat' dir='ltr'>gargarizet</span> <span class='ocrx_word' id='word_1_138' title='bbox 559 1705 611 1782; x_wconf 90' lang='lat' dir='ltr'>qui</span> <span class='ocrx_word' id='word_1_139' title='bbox 638 1702 808 1782; x_wconf 84' lang='lat' dir='ltr'>synanchen</span> <span class='ocrx_word' id='word_1_140' title='bbox 836 1705 962 1781; x_wconf 85' lang='lat' dir='ltr'>patitur,</span> <span class='ocrx_word' id='word_1_141' title='bbox 992 1710 1108 1763; x_wconf 88' lang='lat' dir='ltr'>certum</span> <span class='ocrx_word' id='word_1_142' title='bbox 1138 1712 1172 1764; x_wconf 90' lang='lat' dir='ltr'>et</span> 
     </span>
     <span class='ocr_line' id='line_1_19' title="bbox 154 1792 625 1870; baseline -0.002 -19"><span class='ocrx_word' id='word_1_143' title='bbox 154 1809 297 1870; x_wconf 88' lang='lat' dir='ltr'>praesens</span> <span class='ocrx_word' id='word_1_144' title='bbox 320 1792 485 1852; x_wconf 90' lang='lat' dir='ltr'>remedium</span> <span class='ocrx_word' id='word_1_145' title='bbox 508 1793 625 1852; x_wconf 90' lang='lat' dir='ltr'>sentiet.</span> 
     </span>
    </p>

    <p class='ocr_par' dir='ltr' id='par_1_7' title="bbox 104 1878 1213 2490">
     <span class='ocr_line' id='line_1_20' title="bbox 104 1878 1172 1960; baseline 0 -20"><span class='ocrx_word' id='word_1_146' title='bbox 104 1894 134 1940; x_wconf 92' lang='lat'>11</span> <span class='ocrx_word' id='word_1_147' title='bbox 243 1880 453 1941; x_wconf 89' lang='lat' dir='ltr'>Praecantabis</span> <span class='ocrx_word' id='word_1_148' title='bbox 475 1882 593 1942; x_wconf 89' lang='lat' dir='ltr'>ieiunus</span> <span class='ocrx_word' id='word_1_149' title='bbox 616 1881 749 1940; x_wconf 91' lang='lat' dir='ltr'>ieiunum</span> <span class='ocrx_word' id='word_1_150' title='bbox 775 1888 880 1939; x_wconf 90' lang='lat' dir='ltr'>tenens</span> <span class='ocrx_word' id='word_1_151' title='bbox 904 1878 1011 1960; x_wconf 90' lang='lat' dir='ltr'>locum,</span> <span class='ocrx_word' id='word_1_152' title='bbox 1035 1880 1086 1956; x_wconf 89' lang='lat' dir='ltr'>qui</span> <span class='ocrx_word' id='word_1_153' title='bbox 1110 1882 1172 1940; x_wconf 90' lang='lat' dir='ltr'>erit</span> 
     </span>
     <span class='ocr_line' id='line_1_21' title="bbox 155 1967 1213 2050; baseline -0.001 -21"><span class='ocrx_word' id='word_1_154' title='bbox 155 1971 185 2029; x_wconf 94' lang='lat' dir='ltr'>in</span> <span class='ocrx_word' id='word_1_155' title='bbox 204 1987 302 2048; x_wconf 88' lang='lat' dir='ltr'>causa,</span> <span class='ocrx_word' id='word_1_156' title='bbox 326 1969 426 2048; x_wconf 83' lang='lat' dir='ltr'>digitis</span> <span class='ocrx_word' id='word_1_157' title='bbox 446 1969 552 2049; x_wconf 89' lang='lat' dir='ltr'>tribus,</span> <span class='ocrx_word' id='word_1_158' title='bbox 575 1969 605 2029; x_wconf 91' lang='lat' dir='ltr'>id</span> <span class='ocrx_word' id='word_1_159' title='bbox 624 1976 670 2028; x_wconf 90' lang='lat' dir='ltr'>est</span> <span class='ocrx_word' id='word_1_160' title='bbox 689 1967 804 2047; x_wconf 92' lang='lat' dir='ltr'>pollice,</span> <span class='ocrx_word' id='word_1_161' title='bbox 823 1967 919 2028; x_wconf 93' lang='lat' dir='ltr'>medio</span> <span class='ocrx_word' id='word_1_162' title='bbox 941 1975 971 2027; x_wconf 91' lang='lat' dir='ltr'>et</span> <span class='ocrx_word' id='word_1_163' title='bbox 990 1967 1169 2050; x_wconf 92' lang='lat' dir='ltr'>medicinali,</span> <span class='ocrx_word' id='word_1_164' title='bbox 1185 1987 1213 2028; x_wconf 84' lang='lat' dir='ltr'>ao</span> 
     </span>
     <span class='ocr_line' id='line_1_22' title="bbox 154 2055 1169 2136; baseline 0.002 -20"><span class='ocrx_word' id='word_1_165' title='bbox 154 2058 283 2117; x_wconf 92' lang='lat' dir='ltr'>residuis</span> <span class='ocrx_word' id='word_1_166' title='bbox 312 2058 429 2118; x_wconf 90' lang='lat' dir='ltr'>dnobus</span> <span class='ocrx_word' id='word_1_167' title='bbox 457 2058 578 2118; x_wconf 88' lang='lat' dir='ltr'>clevatis</span> <span class='ocrx_word' id='word_1_168' title='bbox 605 2056 700 2118; x_wconf 89' lang='lat' dir='ltr'>dices:</span> <span class='ocrx_word' id='word_1_169' title='bbox 741 2055 798 2116; x_wconf 83' lang='lat' dir='ltr'>Exi</span> <span class='ocrx_word' id='word_1_170' title='bbox 824 2055 1016 2136; x_wconf 70' lang='lat' dir='ltr'>hodienum,</span> <span class='ocrx_word' id='word_1_171' title='bbox 1045 2057 1071 2115; x_wconf 94' lang='lat' dir='ltr'>si</span> <span class='ocrx_word' id='word_1_172' title='bbox 1098 2064 1169 2118; x_wconf 89' lang='lat' dir='ltr'>ante</span> 
     </span>
     <span class='ocr_line' id='line_1_23' title="bbox 154 2144 1169 2226; baseline 0 -20"><span class='ocrx_word' id='word_1_173' title='bbox 154 2155 234 2226; x_wconf 88' lang='lat' dir='ltr'>nata,</span> <span class='ocrx_word' id='word_1_174' title='bbox 263 2149 289 2206; x_wconf 94' lang='lat' dir='ltr'>si</span> <span class='ocrx_word' id='word_1_175' title='bbox 312 2146 400 2206; x_wconf 90' lang='lat' dir='ltr'>hodie</span> <span class='ocrx_word' id='word_1_176' title='bbox 424 2155 536 2225; x_wconf 90' lang='lat' dir='ltr'>creata,</span> <span class='ocrx_word' id='word_1_177' title='bbox 564 2147 590 2205; x_wconf 95' lang='lat' dir='ltr'>si</span> <span class='ocrx_word' id='word_1_178' title='bbox 613 2154 681 2206; x_wconf 89' lang='lat' dir='ltr'>ante</span> <span class='ocrx_word' id='word_1_179' title='bbox 705 2154 817 2224; x_wconf 91' lang='lat' dir='ltr'>creata,</span> <span class='ocrx_word' id='word_1_180' title='bbox 839 2144 916 2204; x_wconf 91' lang='lat' dir='ltr'>hanc</span> <span class='ocrx_word' id='word_1_181' title='bbox 939 2155 1067 2223; x_wconf 89' lang='lat' dir='ltr'>pestem,</span> <span class='ocrx_word' id='word_1_182' title='bbox 1090 2144 1169 2206; x_wconf 92' lang='lat' dir='ltr'>hanc</span> 
     </span>
     <span class='ocr_line' id='line_1_24' title="bbox 154 2232 1168 2315; baseline -0.001 -22"><span class='ocrx_word' id='word_1_183' title='bbox 154 2233 361 2315; x_wconf 89' lang='lat' dir='ltr'>pestilentiam,</span> <span class='ocrx_word' id='word_1_184' title='bbox 380 2234 460 2294; x_wconf 91' lang='lat' dir='ltr'>hunc</span> <span class='ocrx_word' id='word_1_185' title='bbox 479 2234 620 2314; x_wconf 87' lang='lat' dir='ltr'>dolorem,</span> <span class='ocrx_word' id='word_1_186' title='bbox 643 2233 723 2294; x_wconf 91' lang='lat' dir='ltr'>hunc</span> <span class='ocrx_word' id='word_1_187' title='bbox 742 2241 898 2312; x_wconf 87' lang='lat' dir='ltr'>tumorem,</span> <span class='ocrx_word' id='word_1_188' title='bbox 917 2232 996 2293; x_wconf 92' lang='lat' dir='ltr'>hunc</span> <span class='ocrx_word' id='word_1_189' title='bbox 1016 2232 1168 2313; x_wconf 89' lang='lat' dir='ltr'>ruborem,</span> 
     </span>
     <span class='ocr_line' id='line_1_25' title="bbox 153 2319 1167 2402; baseline 0.002 -22"><span class='ocrx_word' id='word_1_190' title='bbox 153 2322 207 2381; x_wconf 93' lang='lat' dir='ltr'>bas</span> <span class='ocrx_word' id='word_1_191' title='bbox 230 2322 319 2401; x_wconf 90' lang='lat' dir='ltr'>toles,</span> <span class='ocrx_word' id='word_1_192' title='bbox 347 2323 400 2382; x_wconf 92' lang='lat' dir='ltr'>has</span> <span class='ocrx_word' id='word_1_193' title='bbox 423 2321 549 2402; x_wconf 84' lang='lat' dir='ltr'>tosillas,</span> <span class='ocrx_word' id='word_1_194' title='bbox 574 2321 655 2382; x_wconf 89' lang='lat' dir='ltr'>bunc</span> <span class='ocrx_word' id='word_1_195' title='bbox 678 2339 801 2402; x_wconf 91' lang='lat' dir='ltr'>panum,</span> <span class='ocrx_word' id='word_1_196' title='bbox 825 2321 877 2381; x_wconf 90' lang='lat' dir='ltr'>has</span> <span class='ocrx_word' id='word_1_197' title='bbox 900 2319 1065 2401; x_wconf 89' lang='lat' dir='ltr'>paniculas,</span> <span class='ocrx_word' id='word_1_198' title='bbox 1088 2321 1167 2382; x_wconf 91' lang='lat' dir='ltr'>hanc</span> 
     </span>
     <span class='ocr_line' id='line_1_26' title="bbox 154 2409 1210 2490; baseline 0 -20"><span class='ocrx_word' id='word_1_199' title='bbox 154 2417 307 2490; x_wconf 89' lang='lat' dir='ltr'>strumam,</span> <span class='ocrx_word' id='word_1_200' title='bbox 329 2410 406 2470; x_wconf 92' lang='lat' dir='ltr'>hanc</span> <span class='ocrx_word' id='word_1_201' title='bbox 425 2409 617 2489; x_wconf 90' lang='lat' dir='ltr'>strumellam,</span> <span class='ocrx_word' id='word_1_202' title='bbox 639 2410 715 2470; x_wconf 89' lang='lat' dir='ltr'>hanc</span> <span class='ocrx_word' id='word_1_203' title='bbox 734 2409 917 2488; x_wconf 89' lang='lat' dir='ltr'>religionem,</span> <span class='ocrx_word' id='word_1_204' title='bbox 940 2428 1040 2490; x_wconf 87' lang='lat' dir='ltr'>evoco,</span> <span class='ocrx_word' id='word_1_205' title='bbox 1059 2410 1164 2484; x_wconf 81' lang='lat' dir='ltr'>educo,</span> <span class='ocrx_word' id='word_1_206' title='bbox 1180 2429 1210 2470; x_wconf 80' lang='lat' dir='ltr'>ss</span> 
     </span>
    </p>

    <p class='ocr_par' dir='ltr' id='par_1_8' title="bbox 102 2497 1166 2666">
     <span class='ocr_line' id='line_1_27' title="bbox 102 2497 1166 2580; baseline -0.001 -21"><span class='ocrx_word' id='word_1_207' title='bbox 102 2506 279 2560; x_wconf 76' lang='lat' dir='ltr'>memento</span> <span class='ocrx_word' id='word_1_208' title='bbox 307 2497 343 2558; x_wconf 91' lang='lat' dir='ltr'>de</span> <span class='ocrx_word' id='word_1_209' title='bbox 372 2500 438 2558; x_wconf 90' lang='lat' dir='ltr'>istis</span> <span class='ocrx_word' id='word_1_210' title='bbox 466 2498 622 2580; x_wconf 91' lang='lat' dir='ltr'>membris,</span> <span class='ocrx_word' id='word_1_211' title='bbox 650 2498 794 2558; x_wconf 89' lang='lat' dir='ltr'>medullis.</span> <span class='ocrx_word' id='word_1_212' title='bbox 836 2498 879 2558; x_wconf 79' lang='lat' dir='ltr'>la</span> <span class='ocrx_word' id='word_1_213' title='bbox 907 2497 1020 2558; x_wconf 89' lang='lat' dir='ltr'>tosillas</span> <span class='ocrx_word' id='word_1_214' title='bbox 1045 2497 1166 2579; x_wconf 85' lang='lat' dir='ltr'>herbae,</span> 
     </span>
     <span class='ocr_line' id='line_1_28' title="bbox 154 2586 1165 2666; baseline 0 -20"><span class='ocrx_word' id='word_1_215' title='bbox 154 2605 229 2666; x_wconf 89' lang='lat' dir='ltr'>quae</span> <span class='ocrx_word' id='word_1_216' title='bbox 248 2586 348 2664; x_wconf 88' lang='lat' dir='ltr'>lingua</span> <span class='ocrx_word' id='word_1_217' title='bbox 367 2586 476 2647; x_wconf 92' lang='lat' dir='ltr'>bubula</span> <span class='ocrx_word' id='word_1_218' title='bbox 496 2586 614 2666; x_wconf 87' lang='lat' dir='ltr'>dicitur,</span> <span class='ocrx_word' id='word_1_219' title='bbox 634 2587 718 2646; x_wconf 81' lang='lat' dir='ltr'>radix</span> <span class='ocrx_word' id='word_1_220' title='bbox 741 2589 821 2647; x_wconf 91' lang='lat' dir='ltr'>circa</span> <span class='ocrx_word' id='word_1_221' title='bbox 839 2586 948 2646; x_wconf 91' lang='lat' dir='ltr'>collum</span> <span class='ocrx_word' id='word_1_222' title='bbox 967 2587 1086 2664; x_wconf 89' lang='lat' dir='ltr'>inligata</span> <span class='ocrx_word' id='word_1_223' title='bbox 1101 2587 1165 2665; x_wconf 90' lang='lat' dir='ltr'>pln-</span> 
     </span>
    </p>

    <p class='ocr_par' dir='ltr' id='par_1_9' title="bbox 102 2674 1164 2843">
     <span class='ocr_line' id='line_1_29' title="bbox 102 2674 1164 2752; baseline 0 -16"><span class='ocrx_word' id='word_1_224' title='bbox 102 2677 263 2736; x_wconf 83' lang='grc'><strong>1311111111</strong></span> <span class='ocrx_word' id='word_1_225' title='bbox 292 2674 423 2752; x_wconf 86' lang='lat' dir='ltr'>prodest.</span> <span class='ocrx_word' id='word_1_226' title='bbox 469 2675 594 2735; x_wconf 87' lang='lat' dir='ltr'>Gladioli</span> <span class='ocrx_word' id='word_1_227' title='bbox 621 2674 724 2736; x_wconf 86' lang='lat' dir='ltr'>lolium</span> <span class='ocrx_word' id='word_1_228' title='bbox 754 2675 886 2736; x_wconf 90' lang='lat' dir='ltr'>medium</span> <span class='ocrx_word' id='word_1_229' title='bbox 916 2676 1043 2736; x_wconf 91' lang='lat' dir='ltr'>divisum</span> <span class='ocrx_word' id='word_1_230' title='bbox 1073 2685 1103 2736; x_wconf 88' lang='grc'>11</span> <span class='ocrx_word' id='word_1_231' title='bbox 1132 2678 1164 2736; x_wconf 83' lang='grc'>11</span> 
     </span>
     <span class='ocr_line' id='line_1_30' title="bbox 153 2763 1164 2843; baseline 0 -19"><span class='ocrx_word' id='word_1_232' title='bbox 153 2763 377 2824; x_wconf 90' lang='lat' dir='ltr'>similitudinem</span> <span class='ocrx_word' id='word_1_233' title='bbox 400 2782 527 2824; x_wconf 90' lang='lat' dir='ltr'>coronae</span> <span class='ocrx_word' id='word_1_234' title='bbox 550 2767 581 2824; x_wconf 93' lang='lat' dir='ltr'>in</span> <span class='ocrx_word' id='word_1_235' title='bbox 605 2782 637 2823; x_wconf 92' lang='lat' dir='ltr'>se</span> <span class='ocrx_word' id='word_1_236' title='bbox 661 2782 807 2824; x_wconf 85' lang='lat' dir='ltr'>conexum</span> <span class='ocrx_word' id='word_1_237' title='bbox 830 2783 864 2824; x_wconf 91' lang='lat' dir='ltr'>ac</span> <span class='ocrx_word' id='word_1_238' title='bbox 883 2783 938 2843; x_wconf 90' lang='lat' dir='ltr'>pro</span> <span class='ocrx_word' id='word_1_239' title='bbox 957 2773 1065 2843; x_wconf 89' lang='lat' dir='ltr'>torque</span> <span class='ocrx_word' id='word_1_240' title='bbox 1084 2766 1164 2825; x_wconf 92' lang='lat' dir='ltr'>circa</span> 
     </span>
    </p>

    <p class='ocr_par' dir='ltr' id='par_1_10' title="bbox 101 2852 1207 2914">
     <span class='ocr_line' id='line_1_31' title="bbox 101 2852 1207 2914; baseline -0.004 0"><span class='ocrx_word' id='word_1_241' title='bbox 101 2867 135 2914; x_wconf 85' lang='lat'>14</span> <span class='ocrx_word' id='word_1_242' title='bbox 154 2852 261 2914; x_wconf 90' lang='lat' dir='ltr'>collum</span> <span class='ocrx_word' id='word_1_243' title='bbox 284 2852 419 2913; x_wconf 89' lang='lat' dir='ltr'>habitum</span> <span class='ocrx_word' id='word_1_244' title='bbox 442 2852 554 2913; x_wconf 89' lang='lat' dir='ltr'>tosillas</span> <span class='ocrx_word' id='word_1_245' title='bbox 578 2852 669 2913; x_wconf 89' lang='lat' dir='ltr'>sedat.</span> <span class='ocrx_word' id='word_1_246' title='bbox 706 2852 799 2912; x_wconf 86' lang='lat' dir='ltr'>Prnni</span> <span class='ocrx_word' id='word_1_247' title='bbox 818 2852 933 2914; x_wconf 90' lang='lat' dir='ltr'>arboris</span> <span class='ocrx_word' id='word_1_248' title='bbox 952 2853 1020 2912; x_wconf 86' lang='lat' dir='ltr'>lolia</span> <span class='ocrx_word' id='word_1_249' title='bbox 1039 2872 1075 2913; x_wconf 82' lang='lat' dir='ltr'>ex</span> <span class='ocrx_word' id='word_1_250' title='bbox 1094 2855 1207 2912; x_wconf 84' lang='lat' dir='ltr'>vinoso</span> 
     </span>
    </p>

    <p class='ocr_par' dir='ltr' id='par_1_11' title="bbox 100 2940 1163 3198">
     <span class='ocr_line' id='line_1_32' title="bbox 100 2940 1163 3020; baseline 0 -18"><span class='ocrx_word' id='word_1_251' title='bbox 100 2955 132 3003; x_wconf 84' lang='lat'>15</span> <span class='ocrx_word' id='word_1_252' title='bbox 153 2941 275 3002; x_wconf 88' lang='lat' dir='ltr'>decocta</span> <span class='ocrx_word' id='word_1_253' title='bbox 303 2949 333 3002; x_wconf 91' lang='lat' dir='ltr'>et</span> <span class='ocrx_word' id='word_1_254' title='bbox 356 2943 535 3020; x_wconf 86' lang='lat' dir='ltr'>gargarizata</span> <span class='ocrx_word' id='word_1_255' title='bbox 562 2940 674 3001; x_wconf 92' lang='lat' dir='ltr'>tosillas</span> <span class='ocrx_word' id='word_1_256' title='bbox 697 2940 841 3002; x_wconf 91' lang='lat' dir='ltr'>molliunt.</span> <span class='ocrx_word' id='word_1_257' title='bbox 888 2941 977 3002; x_wconf 85' lang='lat' dir='ltr'>Turis</span> <span class='ocrx_word' id='word_1_258' title='bbox 1003 2960 1110 3002; x_wconf 91' lang='lat' dir='ltr'>manna</span> <span class='ocrx_word' id='word_1_259' title='bbox 1132 2949 1163 3002; x_wconf 86' lang='lat' dir='ltr'>et</span> 
     </span>
     <span class='ocr_line' id='line_1_33' title="bbox 152 3029 1161 3110; baseline 0 -20"><span class='ocrx_word' id='word_1_260' title='bbox 152 3049 250 3110; x_wconf 83' lang='lat' dir='ltr'>myrra</span> <span class='ocrx_word' id='word_1_261' title='bbox 272 3038 302 3090; x_wconf 94' lang='grc'>11</span> <span class='ocrx_word' id='word_1_262' title='bbox 325 3032 544 3091; x_wconf 89' lang='lat' dir='ltr'>cinnamomum</span> <span class='ocrx_word' id='word_1_263' title='bbox 568 3037 598 3090; x_wconf 89' lang='lat' dir='ltr'>ct</span> <span class='ocrx_word' id='word_1_264' title='bbox 616 3029 772 3108; x_wconf 88' lang='lat' dir='ltr'>galbanum</span> <span class='ocrx_word' id='word_1_265' title='bbox 792 3032 895 3110; x_wconf 89' lang='lat' dir='ltr'>aequis</span> <span class='ocrx_word' id='word_1_266' title='bbox 914 3029 1097 3109; x_wconf 88' lang='lat' dir='ltr'>ponderibus</span> <span class='ocrx_word' id='word_1_267' title='bbox 1116 3048 1161 3090; x_wconf 90' lang='lat' dir='ltr'>se-</span> 
     </span>
     <span class='ocr_line' id='line_1_34' title="bbox 151 3118 1163 3198; baseline -0.002 -18"><span class='ocrx_word' id='word_1_268' title='bbox 151 3122 277 3198; x_wconf 90' lang='lat' dir='ltr'>paratim</span> <span class='ocrx_word' id='word_1_269' title='bbox 304 3119 339 3180; x_wconf 90' lang='lat' dir='ltr'>ad</span> <span class='ocrx_word' id='word_1_270' title='bbox 368 3119 517 3180; x_wconf 89' lang='lat' dir='ltr'>levitatem</span> <span class='ocrx_word' id='word_1_271' title='bbox 545 3128 668 3180; x_wconf 90' lang='lat' dir='ltr'>contusa</span> <span class='ocrx_word' id='word_1_272' title='bbox 696 3118 883 3198; x_wconf 89' lang='lat' dir='ltr'>cribrataque</span> <span class='ocrx_word' id='word_1_273' title='bbox 911 3126 942 3179; x_wconf 87' lang='grc'>11</span> <span class='ocrx_word' id='word_1_274' title='bbox 969 3137 1037 3180; x_wconf 91' lang='lat' dir='ltr'>cum</span> <span class='ocrx_word' id='word_1_275' title='bbox 1064 3121 1163 3179; x_wconf 89' lang='lat' dir='ltr'>resina</span> 
     </span>
    </p>
   </div>
   <div class='ocr_carea' id='block_1_4' title="bbox 149 3270 1163 3559">
    <p class='ocr_par' dir='ltr' id='par_1_12' title="bbox 149 3270 1163 3559">
     <span class='ocr_line' id='line_1_35' title="bbox 223 3270 1163 3348; baseline -0.002 -20"><span class='ocrx_word' id='word_1_276' title='bbox 223 3281 336 3348; x_wconf 75' lang='lat' dir='ltr'>lvase.</span> <span class='ocrx_word' id='word_1_277' title='bbox 392 3271 586 3340; x_wconf 76' lang='lat' dir='ltr'>dsynenchis.</span> <span class='ocrx_word' id='word_1_278' title='bbox 651 3272 882 3328; x_wconf 74' lang='lat' dir='ltr'>therundinum.</span> <span class='ocrx_word' id='word_1_279' title='bbox 947 3270 1163 3340; x_wconf 73' lang='lat' dir='ltr'>asynnnchem.</span> 
     </span>
     <span class='ocr_line' id='line_1_36' title="bbox 152 3341 1162 3416; baseline -0.002 -18"><span class='ocrx_word' id='word_1_280' title='bbox 152 3343 522 3416; x_wconf 80' lang='lat' dir='ltr'>1ohirundininospu110s]</span> <span class='ocrx_word' id='word_1_281' title='bbox 541 3343 717 3399; x_wconf 79' lang='lat' dir='ltr'>herundines.</span> <span class='ocrx_word' id='word_1_282' title='bbox 792 3348 825 3397; x_wconf 76' lang='lat'>14</span> <span class='ocrx_word' id='word_1_283' title='bbox 844 3342 992 3397; x_wconf 87' lang='lat' dir='ltr'>sinanchis.</span> <span class='ocrx_word' id='word_1_284' title='bbox 1059 3347 1091 3397; x_wconf 78' lang='grc'>16</span> <span class='ocrx_word' id='word_1_285' title='bbox 1110 3341 1162 3396; x_wconf 85' lang='lat' dir='ltr'>tri·</span> 
     </span>
     <span class='ocr_line' id='line_1_37' title="bbox 150 3412 1161 3483; baseline -0.001 -15"><span class='ocrx_word' id='word_1_286' title='bbox 150 3418 217 3470; x_wconf 79' lang='lat' dir='ltr'>tum.</span> <span class='ocrx_word' id='word_1_287' title='bbox 297 3423 329 3472; x_wconf 87' lang='grc'>11</span> <span class='ocrx_word' id='word_1_288' title='bbox 349 3416 520 3473; x_wconf 82' lang='lat' dir='ltr'>sinenchem.</span> <span class='ocrx_word' id='word_1_289' title='bbox 597 3423 631 3480; x_wconf 80' lang='lat'>22</span> <span class='ocrx_word' id='word_1_290' title='bbox 650 3418 766 3471; x_wconf 81' lang='lat' dir='ltr'>alterum</span> <span class='ocrx_word' id='word_1_291' title='bbox 785 3414 858 3468; x_wconf 85' lang='lat' dir='ltr'>hanc</span> <span class='ocrx_word' id='word_1_292' title='bbox 875 3431 926 3468; x_wconf 80' lang='lat' dir='ltr'>ora.</span> <span class='ocrx_word' id='word_1_293' title='bbox 999 3418 1034 3466; x_wconf 78' lang='lat'>24</span> <span class='ocrx_word' id='word_1_294' title='bbox 1054 3412 1161 3483; x_wconf 83' lang='lat' dir='ltr'>palum.</span> 
     </span>
     <span class='ocr_line' id='line_1_38' title="bbox 149 3487 575 3559; baseline 0.009 -20"><span class='ocrx_word' id='word_1_295' title='bbox 149 3488 292 3555; x_wconf 81' lang='lat' dir='ltr'>panuclas.</span> <span class='ocrx_word' id='word_1_296' title='bbox 364 3493 398 3543; x_wconf 78' lang='lat' dir='ltr'>nt</span> <span class='ocrx_word' id='word_1_297' title='bbox 416 3487 575 3559; x_wconf 76' lang='lat' dir='ltr'>inligatum.</span> 
     </span>
    </p>
   </div>
   <div class='ocr_carea' id='block_1_5' title="bbox 0 0 1286 3794">
    <p class='ocr_par' dir='ltr' id='par_1_13' title="bbox 0 0 1286 3794">
     <span class='ocr_line' id='line_1_39' title="bbox 0 0 1286 3794; baseline 0 1"><span class='ocrx_word' id='word_1_298' title='bbox 0 0 1286 3794; x_wconf 95' lang='lat' dir='ltr'> </span> 
     </span>
    </p>
   </div>
  </div>
 </body>
</html>
