2636 3790
578 119 798 191 ..6-Δ

166 307 242 370 quae
257 295 371 367 septem
389 285 435 346 vel
453 282 598 365 plusculis
613 281 718 343 diebus
734 290 910 342 maceratur.
933 280 975 341 De
990 299 1049 359 quo
1064 281 1180 361 liquore
1278 309 1279 432 p

165 385 234 458 post
221 375 355 438 tmodum
384 375 529 452 coagitato
558 380 646 452 atque
675 369 768 430 colato
799 369 899 450 tepido
929 369 1064 430 heminae
1095 370 1180 431 dimi·

166 467 250 527 dium
273 472 324 525 aut
347 463 520 542 ampliorem
544 461 664 521 modum
683 460 862 537 gargarizari
881 465 999 537 oportet
1018 458 1066 518 die
1085 458 1180 519 calido
1278 453 1279 456 ’

166 554 213 616 vel
236 570 351 635 sereno,
374 555 416 612 ita
438 559 472 612 ut
495 552 667 628 resupinato
691 565 743 608 ore
766 547 903 608 faucibus
924 547 1022 626 liquor
1041 547 1091 607 ille
1111 566 1181 608 con-

166 645 297 704 tineatur
325 639 539 720 aliquantulum
567 645 597 698 et
624 639 753 714 agitetur
780 636 892 697 alterna
916 637 979 696 vice
1003 635 1093 714 idque
1118 653 1208 697 sae-u

165 734 234 812 pius
262 732 325 812 fiat,
354 731 449 790 donec
476 729 612 788 heminae
640 725 794 785 dimidium
826 731 1019 786 consumatur
1043 724 1089 785 vel
1112 743 1182 786 cum

165 821 303 900 flegmate
321 820 494 898 proiciatur.
518 815 577 876 Sed
595 815 668 875 haec
686 815 787 874 ieiuno
806 813 972 875 adhihenda
991 815 1106 874 curatio
1126 821 1181 892 est,

166 929 224 990 qua
247 908 328 970 nulla
348 909 438 987 capiti
455 905 548 966 levior
567 911 619 964 aut
637 901 820 964 commodior
838 904 1015 982 reperietur.
1052 901 1115 963 Hoc
1134 921 1181 963 re·

165 998 297 1060 medium
327 997 378 1076 qui
405 995 569 1072 neglexerit
597 999 627 1052 et
650 991 769 1052 indiciis
792 1009 881 1071 supra
906 993 1025 1070 scriptis
1049 1009 1108 1052 non
1132 1009 1180 1052 oc·

166 1087 305 1166 currerit,
328 1101 451 1144 necesse
475 1089 521 1142 est
543 1083 652 1142 sentiat
675 1088 727 1148 aut
747 1079 903 1140 oculorum
921 1081 991 1140 vitia
1009 1087 1060 1140 aut
1078 1079 1222 1140 ulcerare

165 1178 247 1236 intus
270 1171 393 1233 auribus
417 1171 603 1250 erumpentia
624 1177 676 1230 aut
695 1177 824 1230 strumas
843 1171 874 1228 iu
893 1169 1022 1228 confinio
1042 1167 1110 1228 colli
1129 1177 1181 1229 aut

165 1262 270 1342 pulsus
294 1260 411 1322 cerebri
434 1268 486 1320 aut
508 1260 731 1320 suffocationem
751 1265 802 1318 aut
821 1259 901 1318 circa
920 1265 1023 1335 guttur
1042 1258 1181 1334 anginam

166 1359 217 1412 aut
236 1367 309 1410 uvae
329 1347 566 1422 destillationem,
586 1345 738 1425 glandulas
758 1364 877 1426 quoqne
892 1347 1022 1424 patietur
1037 1354 1066 1406 et
1081 1345 1180 1406 tabem

166 1439 323 1500 fluentium
342 1436 517 1516 capillorum
536 1444 566 1496 et
584 1435 686 1497 ulcera
703 1453 758 1514 per
780 1443 869 1513 caput
888 1434 1110 1494 effervescentia
1129 1433 1180 1494 do·

130 1527 319 1606 aloremque
343 1526 476 1586 dentium
500 1525 689 1586 creberrime.
715 1523 800 1594 Quod
824 1525 849 1584 si
873 1542 889 1583 a
911 1530 1033 1601 pectore
1056 1521 1181 1584 morbus
1197 1541 1223 1580 15

166 1617 304 1696 minatur,
328 1616 469 1694 quiesse
494 1613 618 1692 simplex
642 1622 671 1674 et
694 1630 754 1674 non
773 1611 1005 1672 violentissimus
1025 1611 1108 1693 solet,
1131 1611 1180 1672 his

166 1705 368 1783 praesentitur
385 1703 512 1763 indiciis.
542 1703 677 1762 Primum
695 1703 827 1781 pectoris
846 1701 939 1762 sudor
953 1699 1076 1761 intimus
1090 1709 1179 1760 testa-

165 1803 216 1854 tur
239 1800 354 1853 aestum
378 1791 523 1853 stomachi
545 1790 719 1871 laborantis,
744 1790 828 1868 splen
847 1792 905 1850 erit
925 1791 1009 1868 quasi
1029 1789 1180 1850 distensus

167 1890 198 1941 et
212 1883 354 1962 eminere,
369 1888 556 1959 sputamenta
571 1879 672 1960 fellita,
687 1879 823 1957 scapulae
839 1897 907 1939 cum
921 1876 1064 1938 lateribus
1079 1895 1179 1956 grava·

166 1969 279 2031 buntur
307 1978 337 2030 et
364 1971 515 2048 inproviso
544 1967 645 2029 dolore
673 1976 873 2047 marcescent,
904 1966 1044 2027 adsiduae
1075 1968 1180 2026 oscita·
1195 1981 1224 2023 ao

167 2061 264 2120 tiones
288 2077 340 2118 ora
363 2057 517 2138 diducant,
541 2059 719 2137 inportunae
742 2055 858 2136 vigiliae
882 2073 1002 2117 somnos
1026 2053 1182 2136 fugabunt,

167 2155 281 2209 artatus
305 2148 429 2226 spiritus
453 2147 504 2206 siti
526 2154 674 2206 nocturna
693 2147 818 2206 manime
836 2145 1016 2224 inardescet,
1040 2150 1180 2222 experge-

166 2235 253 2296 factis
276 2251 361 2295 mens
385 2236 442 2294 erit
461 2235 556 2294 tristis
575 2241 605 2294 et
619 2233 728 2313 nubila,
744 2241 813 2312 post
827 2251 966 2314 soporem
980 2235 1072 2294 totius
1086 2249 1180 2311 paene

167 2325 302 2402 corporis
325 2321 439 2403 pulsus,
462 2330 574 2382 tremor
596 2325 628 2383 in
651 2321 780 2384 brachiis
804 2323 849 2383 vel
872 2326 904 2384 in
927 2319 1077 2402 manibus,
1102 2323 1180 2382 sicca

168 2415 257 2472 etiam
280 2413 371 2472 tussis
395 2413 508 2489 quatiet
528 2411 687 2472 infirmum.
723 2409 776 2472 His
795 2413 886 2490 igitur
906 2414 1056 2490 sapienter
1074 2427 1177 2470 occur·
1193 2425 1221 2466 ee

168 2503 254 2581 ritur,
278 2502 304 2560 si
327 2500 512 2561 consuetudo
535 2500 586 2560 liat
609 2502 672 2560 sine
696 2499 755 2561 ullo
775 2500 969 2562 medicamine
988 2506 1057 2578 post
1076 2515 1180 2558 cenam

168 2587 314 2649 vomendi.
355 2587 432 2648 Utile
460 2597 559 2650 autem
582 2596 628 2649 est
651 2591 740 2650 etiam
762 2591 897 2650 ieiunum
924 2605 1057 2668 vomere,
1087 2589 1179 2666 magis

168 2679 248 2737 enim
266 2694 353 2736 umor
371 2679 487 2758 noxius,
506 2679 558 2756 qui
577 2679 728 2739 stomacho
747 2679 893 2760 insiderit,
907 2680 1047 2756 egeritur.
1076 2675 1179 2755 ltaque

169 2767 221 2844 qui
244 2782 329 2826 mane
352 2767 518 2827 vomiturus
541 2775 600 2847 est,
628 2767 717 2828 debet
744 2769 913 2829 minutatim
940 2767 1035 2826 raiani
1062 2765 1180 2826 radices

166 2853 347 2915 manducare
362 2873 471 2934 easque
485 2854 529 2916 vel
545 2874 651 2916 sucum
665 2874 767 2917 earnm
782 2858 994 2936 transmittere,
1008 2853 1180 2914 cardamum
1194 2869 1221 2909 eo

169 2960 297 3023 quoque,
314 2941 344 3004 id
359 2951 405 3004 est
418 2946 612 3026 nasturcium,
627 2945 679 3005 sed
695 2953 725 3005 et
739 2946 835 3024 sinapi
853 2952 883 3005 et
897 2961 1018 3004 erucam
1037 2943 1180 3003 devorare

169 3039 199 3090 et
222 3049 328 3110 aquam
351 3032 457 3094 deinde
481 3033 610 3112 tepidam
633 3032 829 3112 superbibere
857 3041 887 3094 et
915 3033 1007 3110 digito
1036 3034 1180 3092 vomitum

168 3137 339 3198 provocare
373 3120 430 3192 Qui
453 3123 510 3183 ista
529 3124 752 3202 contempserit,
775 3123 833 3182 crit
856 3121 902 3182 his
922 3120 1068 3182 obnoxius
1087 3122 1179 3182 vitiis:

241 3275 322 3331 ivel
339 3290 389 3330 om.
463 3274 601 3344 itepide.
666 3274 783 3330 eminae.
847 3273 1012 3343 {templium
1081 3271 1180 3330 'tileo-

168 3345 251 3400 mete.
333 3351 368 3403 20
387 3347 555 3402 mercisoent
574 3351 622 3401 im
639 3347 814 3408 marcescent
831 3349 890 3402 2m.
977 3349 1010 3398 21
1031 3343 1180 3400 deducunt.

169 3419 203 3469 22
223 3417 270 3472 siti
290 3424 337 3475 lm
355 3417 418 3474 sitis
436 3423 495 3476 2m.
556 3416 715 3473 inardescit.
784 3422 817 3472 28
836 3431 917 3470 umor
935 3421 984 3470 tm
1001 3416 1103 3470 humor
1121 3421 1181 3473 2m.

168 3485 298 3545 insiderit
315 3497 365 3546 lm
382 3487 518 3546 insederit
535 3492 594 3546 2m.
667 3494 699 3543 31
720 3489 825 3560 sinape.
