2540 3802
576 111 815 176 -186-

135 284 170 334 66
190 274 378 352 continuum,
406 274 431 331 si
459 274 499 332 ita
527 289 650 332 necesse
680 273 783 352 luerit,
814 275 917 333 uteris.
964 271 1067 334 Pulmo
1096 271 1194 332 ovillus

189 378 277 439 qnam
301 361 525 421 recentissimus
548 363 700 441 protinus,
723 360 793 422 dum
814 361 910 422 adhuc
932 369 1026 441 tepet,
1049 359 1193 440 adpositus

137 461 171 512 66
189 451 330 510 continno
359 449 481 509 discutit
511 457 541 508 et
574 458 719 528 expurgat
751 449 868 511 livores.
915 449 982 510 hlni
1013 449 1083 510 lolia
1115 466 1194 528 quam

189 537 316 617 plurima
335 545 365 598 et
379 539 510 598 recentia
525 541 725 616 superinpone
740 546 771 599 et
785 538 879 620 alliga,
895 537 1061 599 medeberis
1081 539 1195 616 tumori3

188 626 310 688 livorem
334 645 404 687 vero
428 628 517 686 ctiam
540 645 622 704 erim,
650 627 764 706 quide
788 630 931 706 sanguine
956 626 1100 688 collectus
1123 625 1217 686 vide-s

137 727 169 777 61
189 715 283 796 bitur,
307 715 401 776 tolles.
443 714 632 776 Absiuthinm
656 717 760 777 tritum
785 724 906 776 etcum
931 715 1017 776 melle
1040 715 1197 794 diligentis-

189 807 263 865 sime
291 803 447 865 subactum
475 803 658 881 malagmatis
686 804 773 864 modo
802 806 974 882 impositum
1006 804 1116 865 livores
1146 805 1198 864 cito

135 905 171 954 62
190 895 307 954 eximet
346 891 446 952 Vitelli
469 911 592 953 ovorum
615 894 803 954 incoctorum
826 895 965 972 coagitati
989 901 1019 954 et
1038 893 1117 954 inliti
1134 891 1198 952 livo-

189 1000 247 1063 res,
271 983 324 1061 qui
346 999 382 1042 ex
401 990 518 1042 tumore
537 990 588 1042 ant
606 981 769 1042 conlisione
789 980 887 1062 aliqua
906 982 977 1042 iacti
996 991 1096 1064 crunt,
1115 983 1200 1042 etiam

188 1078 306 1130 veteres
329 1076 497 1130 extenuant.
1212 1083 1232 1122 1⁰

136 1170 169 1220 63
278 1157 322 1218 hd
345 1156 504 1235 lentigines
524 1157 560 1218 de
580 1158 654 1219 facie
672 1158 817 1219 tollendas
835 1157 1007 1220 lenticulam
1024 1178 1095 1220 cum
1115 1157 1200 1220 scobe

190 1247 273 1306 tenui
300 1245 337 1305 dc
366 1263 456 1305 corno
486 1248 606 1306 cervino
639 1255 669 1306 et
701 1265 803 1307 sevum
836 1249 989 1308 cervinum
1019 1251 1133 1328 pariter
1161 1246 1200 1306 di-

188 1333 268 1413 vide,
301 1351 396 1412 coque
424 1341 455 1394 et
482 1341 546 1394 tere
574 1343 662 1414 atque
695 1335 764 1395 iude
797 1335 902 1397 faciem
930 1336 976 1397 vel
1003 1344 1071 1397 ante
1100 1337 1201 1398 horam

188 1421 287 1483 balnei
309 1421 355 1482 vel
378 1424 466 1483 etiam
490 1425 521 1482 in
540 1422 645 1483 balneo
664 1423 838 1502 frequenter
856 1424 982 1506 inlinito,
1005 1427 1046 1486 ita
1065 1434 1100 1486 ut
1120 1425 1200 1505 quasi

188 1530 242 1591 pro
270 1529 345 1591 pane
373 1511 455 1572 molli
484 1514 590 1593 utaris3
618 1511 857 1574 efficacissimum
881 1514 1132 1576 medicamentum
1156 1524 1228 1574 cir-1⁵

188 1597 328 1682 perieris,
361 1601 413 1662 sed
445 1599 603 1662 lenticulae
631 1603 725 1662 maior
754 1620 823 1681 pars
854 1604 906 1683 sit,
939 1621 1049 1664 cornus
1084 1613 1115 1666 et
1144 1603 1200 1664 sevi

189 1689 319 1770 aequalis
341 1708 489 1752 mensura.

135 1789 169 1839 64
277 1778 407 1840 Herbam
430 1780 644 1860 verrucariam,
672 1778 701 1840 id
730 1786 776 1839 est
798 1778 1022 1862 heliotropium,
1047 1789 1200 1842 contusam

188 1877 218 1929 et
245 1867 397 1930 subactam
426 1869 540 1930 adiecta
568 1866 637 1928 salis
664 1869 740 1928 mica
774 1867 997 1949 adpositamqnc
1026 1868 1199 1931 malandrio·

188 1959 229 2018 sis
258 1956 304 2016 vel
331 1957 393 2038 his,
421 1959 473 2036 qui
501 1974 641 2018 verrucas
672 1958 840 2036 patiuntur,
868 1957 1010 2036 prodesse
1038 1957 1202 2036 plurimum
1212 1968 1231 2008 20

134 2056 169 2106 66
188 2053 312 2108 constat.
349 2045 548 2106 Verrncarum
568 2063 677 2123 genera
696 2047 793 2106 omnia
813 2045 875 2106 fimi
893 2048 991 2108 canini
1011 2049 1108 2108 exusti
1130 2047 1202 2109 cinis

188 2142 273 2196 curat
296 2137 467 2214 impositum
490 2135 580 2194 urina
601 2152 719 2212 quoque
739 2135 821 2194 canis
845 2152 913 2195 cum
933 2153 987 2196 suo
1006 2137 1123 2196 recenti
1142 2135 1202 2196 luto

134 2234 169 2284 66
187 2223 270 2284 inlita
294 2221 455 2300 plurimum
478 2220 609 2300 prodest.
650 2221 776 2301 Sanguis
799 2240 905 2283 recens
928 2226 1022 2286 muris
1046 2225 1140 2286 occisi
1159 2221 1203 2283 vel

187 2313 251 2389 ipse
275 2328 342 2371 mus
365 2311 477 2372 divisus
501 2318 589 2389 atque
611 2311 763 2390 adpositus
783 2319 867 2372 sanat
886 2319 916 2372 et
935 2311 1033 2374 abolet
1051 2329 1202 2374 verrucas.

134 2411 168 2460 ot
188 2398 291 2459 Fimus
315 2399 419 2460 ovillus
443 2416 549 2468 recens
561 2399 708 2470 ,manibus
732 2399 873 2462 subactus
897 2409 927 2462 et
946 2401 1099 2481 emplastri
1117 2419 1201 2462 more
1215 2413 1238 2454 2⁵

188 2487 341 2566 adpositus
364 2487 499 2565 deterget
522 2506 670 2549 verrucas.

133 2587 168 2636 66
276 2575 320 2635 Ad
340 2574 487 2636 lichenem
506 2575 589 2637 labae
608 2577 720 2638 farinae
739 2579 857 2638 nnciam
875 2577 897 2659 1,
916 2578 995 2639 laeui
1015 2580 1114 2657 graeci
1134 2579 1202 2640 fari·

187 2681 242 2725 nae
270 2665 389 2726 unciam
412 2663 438 2737 1,
467 2667 597 2726 samsuci
624 2669 742 2726 nnciam
765 2665 791 2746 1,
820 2667 931 2728 farinae
954 2667 1059 2728 hordei
1082 2669 1201 2728 unciam

187 2770 285 2833 uuam,
304 2751 471 2832 aphronitri
485 2756 603 2814 unciam
619 2754 649 2834 S,
666 2753 818 2832 sulphuris
833 2757 952 2817 unciam
967 2755 997 2837 S,
1011 2757 1073 2816 ervi
1088 2755 1200 2816 farinae

187 2842 305 2902 nnciam
330 2840 358 2902 S.
400 2840 479 2902 llaec
507 2844 605 2902 omnia
630 2845 662 2903 in
685 2842 825 2922 pollinem
848 2847 1057 2906 tenuissimum
1080 2843 1201 2905 redacta
1214 2856 1238 2898 ³0

187 2940 270 2992 aceto
294 2929 415 3010 colliges
438 2937 468 2992 et
491 2931 685 3012 permiscebis
709 2934 802 2994 etita
825 2932 935 2994 licheni
958 2933 1096 3013 adpones.
