2636 3790
554 115 775 179 -70-

102 287 137 336 60
150 271 199 336 'Ne
214 293 290 336 anno
310 284 456 356 perpetuo
476 276 590 359 lippias,
609 278 645 338 de
665 280 758 339 acinis
772 297 877 340 novem
893 298 965 340 uvae
985 280 1076 362 albae,
1091 288 1171 341 ante·

154 382 242 443 quam
265 382 351 425 uvam
376 373 486 446 gustes,
511 369 612 428 novies
634 375 663 428 te
687 370 821 447 inunges,
845 370 885 428 ita
908 378 942 429 ut
965 371 1042 429 intra
1069 369 1171 430 oeulos

101 464 134 513 61
154 461 222 513 tuos
245 469 335 530 grana
360 455 474 534 singula
498 455 623 534 singulis
646 455 761 517 vicibus
784 457 946 518 infundas..
978 458 1100 520 Stercus
1123 477 1170 519 ca-

152 543 273 621 prinum
306 544 374 603 vino
408 563 604 623 conspersum
635 547 799 625 tritumque
828 553 858 606 et
885 549 1047 625 inpositum
1077 547 1171 609 oculis

152 639 241 709 atque
278 630 439 710 obligatum
476 652 593 695 omnem
627 634 760 695 dolorem
792 643 999 714 tumoremque
1032 636 1197 715 detergite

100 729 133 778 62
153 717 262 780 Oculos
291 738 359 780 cum
387 721 487 782 dolere
517 724 582 802 quis
611 725 757 804 coeperit,
790 722 858 784 ilico
886 726 914 784 ei
942 723 1114 805 subvenies,
1144 727 1170 786 si

154 815 226 888 quot
248 807 363 870 litteras
386 829 494 872 nomen
519 813 583 871 eius
605 811 751 893 habuerit,
775 815 930 874 nominans
949 813 1076 894 easdem,
1101 816 1168 874 toti-

147 897 220 958 dem
247 896 341 958 nodos
370 900 400 959 in
424 901 492 960 rudi
515 899 575 960 lino
600 902 729 980 stringas
753 909 782 962 et
806 903 886 962 circa
909 901 1018 962 collum
1042 901 1169 963 dolentis

143 989 295 1047 innectas.
329 986 361 1047 Si
380 990 509 1068 impetus
524 989 657 1050 dolorem
672 993 867 1070 praevenerit,
887 989 1067 1050 absinthium
1084 999 1168 1050 vetus

152 1086 182 1136 et
205 1074 357 1152 fuliginem
380 1088 517 1139 conteres
537 1078 702 1158 diligenter,
726 1088 798 1140 tunc
817 1079 913 1139 mellis
933 1087 1076 1157 quantum
1096 1081 1168 1139 satis
1183 1097 1209 1136 ιο

151 1162 301 1224 videbitur
320 1164 429 1226 adicies
449 1178 479 1228 et
497 1168 596 1228 denuo
616 1176 696 1228 teres
715 1178 802 1246 atque
822 1186 859 1227 ex
878 1186 913 1227 eo
933 1167 1035 1228 oculos
1052 1166 1168 1248 inlines,

94 1262 132 1312 ut
150 1251 330 1312 validissime
353 1255 495 1332 proderit.
541 1255 584 1316 Ne
608 1274 685 1316 anno
709 1265 854 1334 perpetuo
878 1255 992 1335 lippias,
1016 1274 1083 1317 cum
1107 1258 1168 1334 pri·

150 1359 231 1402 mum
255 1358 446 1404 cucumerem
468 1351 593 1405 nanctus
613 1345 718 1426 fueris,
743 1346 774 1404 in
793 1344 913 1404 fontana
932 1363 1007 1422 aqua
1027 1363 1095 1405 eum
1114 1363 1169 1422 per

150 1429 283 1490 triduum
313 1448 378 1491 esse
408 1435 440 1494 in
469 1433 586 1494 vasculo
610 1433 721 1494 mundo
746 1434 914 1514 permittes,
943 1433 1049 1493 deinde
1074 1433 1168 1494 oculis

97 1529 131 1579 64
150 1519 298 1598 adapertis
322 1519 429 1581 facicm
453 1531 533 1583 tuam
552 1539 585 1582 ea
605 1539 680 1602 aqua
699 1522 799 1582 lovere
819 1520 946 1582 curabis.
984 1519 1043 1591 Qui
1061 1521 1168 1582 crebro
1184 1541 1210 1581 ιι

149 1606 338 1687 lippitudinis
372 1612 441 1670 vitio
475 1609 633 1691 laborabit,
667 1609 841 1671 mileiolium
873 1609 997 1670 herbam
1025 1610 1169 1671 radicitus

149 1695 236 1757 vellat
260 1705 289 1755 et
313 1715 349 1756 ex
374 1715 407 1758 ea
431 1699 577 1761 circulum
601 1699 702 1781 iaciat,
731 1707 764 1760 nt
788 1698 948 1777 perillum
972 1698 1116 1778 adspiciat
1139 1709 1169 1759 et

149 1785 228 1846 dicat
251 1793 311 1846 ter:
334 1785 478 1849 Excicum
502 1790 624 1869 acrisoS,
648 1796 678 1848 et
701 1790 810 1850 totiens
834 1787 870 1848 ad
890 1806 923 1848 os
943 1787 1001 1848 sibi
1022 1787 1168 1848 circulum

148 1873 232 1934 illum
256 1873 410 1936 admoveat
435 1887 465 1938 et
487 1896 542 1957 per
565 1877 697 1938 medium
720 1885 829 1955 expuat
858 1884 888 1936 et
916 1875 1039 1936 herbam
1062 1895 1168 1937 rursus

149 1963 271 2042 plantet.
318 1962 399 2034 Quae
427 1968 453 2026 si
481 1967 635 2046 revixerit,
669 1983 831 2045 numquam
860 1967 886 2026 is
919 1967 971 2043 qui
1003 1965 1168 2025 remedium
1183 1980 1209 2020 ro

149 2052 255 2113 lecerit
283 2052 438 2114 vexabitur
466 2055 620 2116 oculorum
650 2053 766 2134 dolore3
794 2053 831 2114 ad
860 2062 1021 2130 vitrumque
1049 2053 1169 2112 oculum

148 2139 205 2201 hoo
229 2142 330 2221 iacito;
355 2162 430 2221 quae
454 2146 480 2203 si
503 2147 602 2204 minus
625 2145 775 2222 revixerit,
799 2160 835 2202 ex
859 2141 915 2202 alia
937 2143 1047 2200 iterum
1071 2141 1168 2201 iaciat.

149 2228 274 2308 Oportet
297 2238 396 2290 autem
420 2231 484 2292 dari
508 2249 641 2312 operam,
665 2239 698 2292 ut
721 2249 781 2291 non
804 2231 893 2290 nimis
911 2227 1002 2289 herba
1023 2232 1168 2289 constrin-

96 2329 130 2379 oo
150 2327 245 2398 gatur,
269 2337 328 2398 quo
352 2319 465 2380 lacilins
485 2320 614 2399 plantata
633 2327 802 2398 consurgat.
840 2317 936 2397 cepae
955 2317 1058 2396 longae
1078 2335 1168 2378 sucus

150 2406 339 2485 opobalsamo
364 2409 473 2468 mixtus
497 2417 526 2469 et
550 2427 622 2469 suco
646 2407 768 2469 feniculi
791 2407 905 2468 adiecta
927 2406 1012 2485 adipe
1032 2408 1209 2466 anserinam

151 2497 331 2574 incipientes
354 2497 517 2576 ypoohyses
541 2497 664 2558 discutit
688 2506 717 2558 et
741 2497 919 2557 suffusiones
943 2496 1080 2573 reprimit
1101 2494 1169 2555 cali-

98 2586 295 2664 originesque
319 2592 469 2646 extenuat.
507 2586 688 2664 hccipitrem
710 2587 735 2645 si
755 2585 904 2663 decoquas
923 2586 953 2643 in
973 2583 1038 2643 oleo
1057 2586 1169 2665 susino,

151 2673 246 2734 donec
266 2691 335 2734 caro
355 2675 419 2734 eius
433 2674 609 2752 resolvatur,
630 2682 709 2734 etex
727 2692 761 2734 eo
777 2672 879 2734 oculos
894 2673 1066 2751 frequenter
1081 2674 1170 2733 innn-

97 2774 132 2824 δι
152 2779 234 2843 guas,
257 2769 287 2822 et
310 2761 481 2842 ypocbysim
505 2773 535 2824 et
558 2763 713 2842 caliginem
737 2761 889 2822 discuties.
935 2759 1170 2822 Chamaeleontis

152 2849 192 2910 iel
211 2858 322 2912 tantam
341 2853 398 2911 vim
419 2851 528 2912 habere
547 2852 689 2930 creditur,
709 2858 743 2911 ut
761 2850 926 2930 ypochvses
944 2851 1022 2910 intra
1037 2849 1171 2910 triduum
1185 2869 1212 2908 eo

152 2939 378 3001 inunctionibus
397 2951 489 3002 sanet.
528 2941 605 3019 Lupi
625 2941 711 3000 limus
731 2939 782 3000 diu
797 2939 959 3018 perlrictus
973 2939 1009 2998 ad
1025 2957 1171 2999 summam

100 3028 300 3099 celeritatem
328 3048 396 3091 com
425 3029 511 3090 melle
540 3031 651 3090 mixtus
680 3036 710 3088 et
738 3030 905 3088 inunctioni
928 3026 1078 3088 adhibitus
1101 3046 1170 3088 ocn-

154 3117 250 3179 lorum
274 3117 437 3199 ypochyses
461 3119 584 3180 discutit
608 3117 696 3178 etad
721 3135 866 3178 summam
890 3115 1097 3177 claritudinem
1119 3135 1170 3176 eos

226 3273 358 3328 occulos
378 3271 568 3344 cumdolore]
589 3270 733 3326 oculorum
753 3270 886 3326 dolorem.
943 3275 958 3324 9
980 3269 1169 3339 absynthium.

159 3349 192 3398 10
223 3343 349 3400 tomellis
382 3343 481 3399 litteris
512 3359 551 3396 nc
584 3342 784 3412 superscriptis.
896 3346 926 3395 tv
956 3343 986 3396 el
1014 3340 1092 3396 dicct
1119 3357 1168 3394 om.

156 3419 191 3469 26
209 3415 368 3484 ypochesis.
446 3419 480 3468 29
498 3411 670 3482 ypochesim.
747 3418 782 3467 80
800 3411 961 3482 ypocheses.
1039 3418 1073 3467 32
1092 3412 1173 3467 inun-

158 3483 245 3540 ctioni
263 3487 376 3558 scripsi:
394 3484 554 3540 inuiclione.
629 3488 662 3536 33
681 3485 844 3554 ypochcses.
