2518 3806
524 182 562 193 -
611 144 764 210 374-

135 306 261 387 pedibus
285 307 423 386 adpones.
448 306 529 367 Rene
553 307 623 366 lacit
646 312 677 365 et
696 304 784 366 ibisci
802 304 885 365 radix
905 323 940 365 ex
960 322 1035 382 aqua
1054 303 1158 366 mulsa

136 403 220 456 cocta
238 404 268 456 et
286 397 429 476 inposita;
453 394 627 456 sambucum
647 411 766 472 quoque
785 411 853 454 cum
872 394 999 470 axungia
1018 400 1049 453 et
1068 391 1157 454 bras·
1249 441 1250 444 ,

135 486 214 544 sicae
243 485 319 544 cinis
347 502 415 544 cum
443 485 569 562 axungia
596 483 744 561 inpositus
771 481 933 560 plurimum
961 483 1051 541 iuvat.
1095 479 1156 542 Ubi

136 579 234 632 autem
262 573 391 650 impetus
418 574 591 650 cessaverit,
619 577 649 630 et
672 572 703 629 in
726 569 783 630 hoc
807 579 838 630 et
862 571 893 630 in
916 572 1016 649 priore
1039 587 1156 648 genere

134 659 282 739 podagrae
313 659 406 720 calida
434 678 509 738 aqua
537 661 649 720 marina
678 658 729 718 diu
752 658 871 718 fovendi
893 665 965 718 sunt
986 657 1080 736 pedes
1105 659 1181 719 vele

136 750 162 808 si
181 748 253 809 haec
273 765 332 807 non
352 749 419 828 erit,
437 765 512 826 aqua
530 766 606 827 pura
625 746 752 808 lerventi
771 745 831 807 sale
847 747 960 807 adiecto
980 746 1155 828 loveantur3

134 845 203 915 post
229 835 287 896 hoc
315 835 487 916 malagmate
514 839 558 896 uti
581 841 711 916 oportet,
740 834 819 913 quod
842 835 879 895 ad
902 834 1053 913 parotidas
1078 838 1155 895 scri-

134 931 219 1003 ptum
243 931 301 1004 est3
325 923 401 984 tollit
424 925 504 984 enim
527 925 586 984 cito
610 922 750 1002 reliquias
773 922 920 1002 podagrae
943 940 998 1000 per
1024 923 1154 984 sudores

135 1020 165 1072 et
193 1014 224 1072 in
252 1013 386 1072 loturum
412 1012 567 1072 confirmat
590 1029 697 1071 nervos
721 1029 776 1071 neo
799 1013 911 1089 patitur
934 1009 1019 1071 facile
1042 1013 1153 1071 vitiari.

82 1113 116 1163 46
225 1100 268 1160 dd
292 1099 464 1161 utramlibet
487 1099 647 1178 podagram
670 1099 835 1159 remedium
860 1102 916 1160 sic:
949 1099 1153 1177 Torpedinem
1167 1121 1192 1160 ιο

135 1189 231 1247 rivam
249 1190 373 1268 nigram,
398 1206 466 1248 cum
485 1187 673 1248 admonuerit
692 1186 784 1266 dolor,
804 1186 899 1248 subici
916 1185 1045 1266 pedibus
1065 1205 1153 1266 opor·

135 1283 178 1334 tet
201 1277 232 1334 in
256 1274 343 1334 litore
366 1293 426 1334 non
450 1276 539 1355 sicco,
564 1275 616 1334 sed
640 1274 718 1353 quod
742 1274 836 1335 adluit
854 1293 945 1354 mare,
969 1283 1000 1335 et
1018 1284 1080 1336 tam
1099 1275 1153 1336 diu

134 1363 239 1442 premi,
262 1362 357 1422 donec
380 1363 529 1424 sentiatur
552 1371 655 1442 torpor
678 1381 732 1441 per
756 1371 851 1424 totum
872 1363 979 1442 pedem
997 1371 1029 1423 et
1047 1362 1153 1423 tibiam

134 1468 230 1529 usque
254 1450 290 1510 ad
314 1467 419 1528 genua.
454 1449 517 1511 Hoc
541 1457 571 1512 et
593 1453 624 1510 in
647 1453 798 1530 praesenti
820 1450 898 1512 tollit
917 1450 1050 1511 dolorem
1069 1459 1100 1511 et
1119 1453 1154 1510 in

134 1539 270 1599 futurum
304 1539 456 1600 remediat.
498 1539 561 1600 Hoc
591 1539 678 1600 modo
706 1539 833 1599 Anteros
861 1539 995 1600 Caesaris
1023 1538 1153 1600 libertus
1168 1559 1191 1599 1a

135 1645 227 1705 supra
250 1627 339 1687 fidem
362 1629 542 1689 remediatus
566 1635 620 1688 est.

86 1727 119 1775 47
228 1714 371 1793 Malagma
394 1715 615 1777 Narcissianum
643 1716 679 1776 ad
704 1723 861 1794 utramque
884 1715 1044 1794 podagram
1068 1731 1154 1792 egre·

139 1805 234 1881 gium:
249 1801 341 1863 Cerae
355 1804 453 1882 pondo
464 1804 499 1884 ll,
513 1805 629 1864 resinae
644 1803 742 1882 pondo
752 1803 784 1884 V,
793 1803 851 1863 olei
862 1805 971 1864 veteris
981 1801 1153 1884 pondoVS,

139 1890 197 1950 olei
217 1890 330 1970 Syriaci
349 1891 446 1970 pondo
466 1891 523 1972 lS,
547 1891 711 1971 aphronitri
730 1894 761 1951 in
780 1891 905 1970 pastillis
923 1892 1022 1971 pondo
1042 1891 1063 1970 l,
1087 1909 1152 1952 car·

139 1979 268 2039 damomi
291 1981 359 2058 puri
383 1981 482 2058 pondo
505 1998 606 2059 unum,
629 1981 683 2040 iris
704 1979 835 2059 illyricae
859 1979 957 2058 pondo
981 1997 1083 2060 unum,
1106 1980 1151 2057 pi·
1165 1998 1190 2038 ao

138 2067 222 2127 culae
246 2067 345 2146 pondo
369 2067 390 2147 l,
414 2070 523 2146 agarici
545 2067 643 2146 pondo
666 2067 687 2148 l,
711 2068 898 2145 laenograeei
920 2067 1018 2146 pondo
1037 2066 1058 2146 l,
1082 2085 1150 2127 cen-

138 2157 235 2215 taurei
254 2155 352 2234 pondo
367 2155 388 2236 l,
412 2156 589 2235 Apollinaris
603 2156 702 2234 pondo
716 2155 737 2235 l,
757 2155 860 2216 alterci
874 2156 973 2234 pondo
987 2155 1008 2216 1.
1032 2155 1150 2234 Coques

138 2242 292 2323 liquanda;
316 2261 391 2322 quae
416 2253 485 2306 sunt
503 2243 664 2323 tundenda,
686 2245 718 2303 in
735 2243 887 2322 pulverem
906 2243 1025 2304 redacta
1044 2245 1149 2304 misce-

137 2329 185 2390 bis
208 2340 297 2409 atque
321 2349 357 2391 ex
380 2330 427 2392 his
450 2331 583 2410 pastillos
605 2332 695 2392 lacies
715 2340 745 2392 et
763 2334 793 2392 in
813 2350 901 2411 capsa
919 2351 994 2392 nora
1013 2349 1150 2412 repones,

139 2416 247 2497 quibus
271 2417 376 2479 diebus
400 2422 503 2497 viginti
526 2421 635 2498 iugiter
658 2421 760 2483 uteris.
1163 2439 1188 2478 aa

86 2518 121 2568 48
229 2505 385 2587 Malagma,
413 2508 492 2586 quod
521 2515 550 2568 et
578 2507 613 2568 ad
642 2508 801 2586 podagram
828 2515 858 2568 et
885 2508 920 2568 ad
949 2525 1066 2568 omnem
1091 2506 1149 2568 col·

139 2592 297 2654 lectionem
325 2594 401 2655 bone
429 2596 511 2676 lacit,
539 2597 646 2675 accipit
668 2595 755 2656 haec:
787 2595 970 2656 Ammoniaci
992 2598 1094 2656 uncias
1117 2593 1149 2675 V,

140 2680 258 2760 galbani
285 2685 388 2743 uncias
412 2683 451 2764 ll,
479 2685 554 2764 picis
582 2684 673 2744 durae
696 2684 795 2762 pondo
813 2683 850 2764 V,
878 2687 994 2744 resinae
1021 2683 1149 2744 terebin-

139 2768 241 2830 thinae
264 2769 295 2830 P.
315 2769 354 2850 ll,
378 2770 435 2832 olei
458 2773 567 2832 veteris
590 2771 620 2832 P.
640 2771 653 2830 l
673 2771 707 2852 S,
730 2774 873 2851 axungiae
896 2779 1029 2833 vetustae
1051 2771 1082 2832 P.
1101 2770 1149 2852 lll,

139 2875 224 2918 cerae
253 2857 285 2918 P.
309 2857 345 2938 V,
374 2858 525 2938 sulphuris
550 2861 611 2920 vivi
635 2861 733 2938 pondo
756 2860 788 2921 V.
831 2859 911 2921 llaec
938 2863 1035 2921 omnia
1064 2861 1188 2921 deco-so

139 2964 212 3025 ques
236 2948 267 3006 in
291 2945 398 3024 patella
417 2946 500 3007 fictili
519 2947 565 3007 vel
583 2948 709 3008 caccabo
728 2948 883 3029 ampliore;
907 2948 1032 3026 sulphur
1051 2957 1149 3009 tamen

137 3045 168 3095 et
197 3037 412 3097 ammoniacum
444 3042 528 3096 extra
555 3043 636 3096 teres
664 3046 694 3096 et
721 3039 765 3097 sic
791 3036 976 3118 inmiscebis,
1004 3055 1073 3097 cum
1100 3037 1148 3097 de-

138 3142 269 3202 coquere
294 3125 443 3206 coeperis,
467 3124 519 3185 sed
543 3123 667 3203 agitabis
690 3127 848 3205 instanter,
879 3144 916 3186 ne
940 3125 1096 3187 subsidant
1118 3127 1149 3186 in

139 3211 241 3291 fundo,
266 3231 341 3292 quae
365 3214 396 3274 in
420 3213 573 3292 pulverem
596 3213 714 3274 redacta
738 3215 907 3275 mittuntur.

78 3310 116 3358 49
225 3300 378 3361 Confectio
407 3301 623 3383 medicaminis,
652 3301 731 3380 quod
759 3301 924 3381 appellatur
949 3301 1051 3383 hygia,
1079 3301 1148 3362 lacit
1162 3318 1186 3359 oa

227 3491 260 3539 16
279 3503 362 3556 supra
380 3487 476 3559 fidem]
497 3505 581 3558 supra
598 3488 769 3544 hereditates
787 3487 912 3546 Scribere.
