2564 3794
547 125 784 189 -120—

159 290 225 348 eius
249 288 340 347 suerit
362 289 493 366 incocta,
520 287 671 348 interdum
695 288 774 347 enim
798 304 814 346 e
838 286 977 346 dentibus
1001 287 1085 365 quasi
1108 305 1174 347 rer-

159 374 262 436 miculi
285 375 404 454 quidam
428 377 585 437 eiciuntur.
623 375 715 436 Levat
738 373 870 435 dolorem
894 374 1028 434 dentium
1046 383 1077 434 et
1094 375 1173 436 bitu·

123 477 228 526 amen
258 464 399 524 suffitum.
441 464 515 525 ltem
545 464 790 525 commanducare
818 463 954 542 proderit
975 472 1173 524 mentastrum

159 553 205 613 vel
229 552 360 613 radicem
374 553 575 633 cotyledonis,
599 571 674 631 qtrae
697 552 790 612 herba
814 551 919 612 similia
943 551 1012 612 lolia
1030 551 1174 632 cymbalis

159 641 249 701 habet
267 643 460 720 nasciturque
479 642 541 702 fere
561 643 591 701 in
611 641 776 719 parietibus
795 640 912 701 umidis.
948 639 1086 720 Pyrethri
1099 658 1203 720 quo-5

160 748 218 808 que
245 729 329 790 radix
355 731 599 791 commanducata
627 730 788 790 multorum
818 729 926 790 levavit
953 728 1084 790 dolorem
1116 748 1173 790 nec

159 820 259 879 minus
287 817 405 879 alumen
432 820 536 880 fissum
564 818 685 879 linteolo
714 820 810 897 spisso
839 817 1055 880 circumdatum
1078 820 1174 879 etita

160 907 273 968 diutius
296 907 466 968 dolentibus
489 910 659 988 inpressum
682 906 822 968 dentibus
846 906 990 968 medetur.
1026 906 1173 985 lnponere

159 1014 229 1056 vero
253 997 312 1074 ipsi
336 996 448 1057 dolenti
470 1004 589 1076 oportet
612 996 695 1056 denti
717 1005 814 1056 totum
839 995 896 1055 boc
923 995 1174 1055 medicamentum

161 1085 246 1163 quasi
260 1085 463 1166 emplastrum,
477 1085 556 1163 quod
571 1086 729 1145 coniicitur
743 1087 802 1144 sic:
820 1083 989 1145 Peucedani
1005 1085 1071 1144 suci
1085 1083 1110 1143 11
1124 1083 1173 1162 111,
1189 1101 1218 1140 ro

161 1174 339 1250 opopanacis
362 1172 433 1253 lil,
461 1175 538 1234 turis
562 1172 645 1253 511,
673 1191 745 1234 uvae
769 1191 873 1251 passae
897 1175 961 1232 sine
984 1175 1085 1250 granis
1107 1171 1133 1231 li
1152 1171 1174 1233 l.

160 1259 240 1321 llaec
264 1263 361 1322 omnia
384 1281 439 1342 per
462 1280 494 1322 se
517 1261 663 1322 contundi
685 1260 811 1341 iubebis,
839 1261 946 1320 deinde
970 1279 1069 1322 ceram
1094 1279 1173 1321 com-

161 1351 281 1410 misceri
304 1359 334 1410 et
357 1352 451 1411 ceroti
474 1350 562 1410 modo
586 1350 779 1430 emplastrum
802 1349 875 1409 fieri.
915 1349 973 1410 Ubi
996 1349 1087 1410 luerit
1110 1367 1174 1428 gra-

160 1439 224 1496 vior
243 1437 328 1498 dolor
346 1439 453 1520 dentis,
472 1439 683 1518 auriscalpium
701 1439 767 1500 lana
785 1437 868 1499 molli
881 1437 1050 1517 involvitur,
1065 1437 1174 1498 deinde

161 1527 308 1603 tinguitur
336 1528 555 1589 ferventissimo
583 1528 648 1588 oleo
675 1537 764 1608 atque
792 1529 833 1588 ita
862 1526 944 1588 denti
971 1528 1174 1606 proximisque
1191 1543 1220 1584 15

161 1615 288 1694 gingivis
311 1619 538 1698 superponitur3
565 1627 634 1696 post
659 1617 716 1676 hoc
742 1615 957 1676 medicamento
981 1615 1055 1675 dens
1079 1616 1175 1694 operi·

161 1714 220 1764 tur.
256 1703 289 1764 Si
306 1707 463 1784 repetierit
481 1717 533 1767 aut
555 1705 752 1784 permanserit
775 1704 859 1764 dolor
877 1703 970 1763 nihilo
989 1706 1097 1784 minus,
1120 1704 1175 1763 ite-

161 1787 229 1852 rum
261 1793 471 1873 auriscalpium
500 1813 570 1855 cum
596 1793 661 1854 lana
689 1792 853 1852 involutum
881 1811 917 1852 ex
945 1791 1010 1852 oleo
1037 1791 1177 1852 candenti

162 1880 267 1941 eodem
290 1883 377 1942 modo
401 1885 505 1962 inponi
528 1883 647 1962 saepius
670 1880 828 1962 oportebit,
853 1881 947 1940 donec
971 1880 1055 1940 dolor
1079 1883 1176 1940 omnis

125 1983 144 2030 4
162 1969 317 2031 adimatur.
347 1971 380 2032 Si
394 1972 512 2050 quando
527 1971 726 2032 movebuntur
740 1970 854 2051 dentes,
872 1969 1068 2029 confirmandi
1087 1981 1176 2029 erunt
1191 1986 1220 2027 eo

162 2057 305 2139 alumine,
332 2078 391 2139 quo
419 2061 581 2120 infectores
610 2068 738 2120 utuntur
766 2066 796 2118 et
823 2056 910 2118 melle
937 2058 1050 2137 Attico,
1077 2059 1119 2116 ita
1143 2066 1176 2117 ut

163 2147 238 2207 duae
261 2156 363 2226 partes
386 2150 447 2208 sint
469 2148 574 2229 mellis,
599 2150 688 2208 tertia
711 2146 858 2207 aluminis.
900 2145 980 2206 Haec
1003 2147 1124 2205 misceri
1147 2157 1177 2205 et

162 2238 218 2294 teri
243 2244 362 2313 oportet
384 2237 416 2296 in
439 2239 589 2316 mortario,
608 2236 715 2296 deinde
739 2238 769 2295 in
793 2233 899 2314 patella
918 2233 1002 2294 fictili
1021 2234 1177 2314 fervelieri,
1266 2251 1267 2256 ¹

162 2333 197 2382 ut
220 2325 397 2404 spissentur‚
420 2332 508 2403 atque
531 2326 573 2384 ita
596 2324 720 2384 recondi
741 2326 772 2383 in
796 2321 930 2402 quolibet
948 2340 1026 2403 vaso,
1049 2322 1121 2382 dum
1139 2340 1176 2382 ne

164 2428 263 2472 aeneo.
304 2410 368 2472 lloc
391 2413 640 2474 medicamentum
666 2414 796 2491 primum
825 2421 926 2472 auster
954 2421 1000 2472 est
1027 2421 1057 2471 et
1089 2413 1178 2471 nimis
1192 2427 1222 2470 as

127 2512 144 2560 5
163 2502 341 2579 constringit
356 2501 468 2581 dentes,
487 2508 591 2580 postea
608 2502 764 2561 remissius
778 2500 904 2560 videtur.
937 2499 1075 2560 Proderit
1089 2501 1178 2560 motis

163 2587 303 2650 dentibus
323 2598 354 2649 et
372 2589 429 2649 hoc
442 2589 704 2650 medicamentum:
723 2588 808 2648 Aceti
821 2590 959 2649 acerrimi
974 2586 1005 2648 ἃ
1020 2587 1041 2668 1,
1060 2588 1178 2648 cedriae

163 2673 195 2735 θ
210 2675 232 2756 1,
250 2677 388 2738 aluminis
406 2677 470 2738 lissi
488 2677 520 2738 P.
534 2676 569 2738 ll.
597 2677 718 2738 'seritur
736 2677 854 2738 alumen
873 2695 941 2738 cum
960 2685 1052 2756 aceto,
1072 2678 1177 2737 misce·

163 2775 214 2824 tur
242 2765 349 2826 deinde
378 2765 477 2826 cedria
504 2775 535 2827 et
562 2784 620 2826 una
648 2767 747 2825 omnia
775 2784 843 2826 vaso
879 2785 971 2826 aeneo
1006 2774 1178 2844 coquuntur

164 2853 249 2913 taeda
272 2855 377 2932 pingui
398 2863 491 2936 mota,
518 2855 613 2915 donec
641 2856 671 2914 in
701 2853 796 2914 mellis
820 2855 1043 2934 spissitudinem
1067 2864 1177 2933 tempe·
1193 2869 1222 2910 so

164 2951 258 3001 ratam
281 2942 464 3021 redigantur.
507 2942 570 3003 Hoc
593 2943 810 3002 medicamento
829 2944 855 3002 si
874 2945 941 3022 quis
960 2953 1006 3002 ter
1025 2944 1056 3002 in
1076 2960 1178 3002 mense

128 3030 270 3094 edentes
299 3031 503 3112 perfricuerit,
532 3031 664 3092 dolorem
693 3049 798 3092 eorum
825 3049 884 3090 non
908 3031 1087 3107 experietur.
1134 3031 1178 3090 Ad

165 3119 300 3180 dentium
315 3120 447 3180 dolorem
462 3120 624 3181 benefacit
642 3121 738 3180 muria
757 3137 793 3180 ex
811 3117 945 3197 piscibus
964 3117 1083 3178 lacertis
1099 3127 1178 3178 vete·

165 3207 258 3290 ribus,
282 3211 309 3270 si
331 3211 399 3289 quis
423 3228 457 3269 ca
481 3208 607 3270 subinde
631 3227 665 3268 os
689 3206 807 3287 collum,
831 3206 877 3266 vel
899 3205 1022 3265 herbam
1041 3206 1180 3285 peducle·

236 3418 391 3474 smedere.
477 3422 584 3469 9vere.
664 3419 696 3467 12
717 3411 821 3482 ceram]
841 3411 942 3464 cetera.
1021 3413 1054 3461 13
1073 3409 1180 3478 emple-

166 3488 234 3544 str0.
346 3494 378 3542 16
396 3487 640 3542 medicamentum.
714 3489 748 3538 30
767 3480 945 3551 spissitudine
964 3480 1130 3548 temperata.
