2528 3814
489 151 730 214 -335-

102 311 228 393 lepidos,
252 311 427 394 chalcanthi,
451 308 655 393 <stypteriae>
680 312 820 393 schistos,
845 313 918 376 haec
942 317 1012 376 trita
1034 333 1115 375 men-

102 403 184 462 suris
212 401 334 480 paribus
359 401 440 462 melli
463 402 636 480 despumato
660 403 751 462 mixta
774 402 810 463 ad
835 421 921 464 usum
945 403 1115 465 huiusmodi

102 489 311 552 servabuntur.

193 579 236 639 Ad
257 581 421 659 syringium
439 579 604 640 remedium
624 579 741 641 efficax:
760 579 859 641 Olivae
874 580 1032 642 medullam
1046 599 1115 642 oum
1133 591 1170 642 52

7 707 8 710 ,
73 669 217 728 ssemine
241 687 349 728 avenae
370 670 474 748 aequis
492 667 681 746 portionibus
700 677 779 729 teres
799 677 828 729 et
845 669 998 748 pulverem
1017 671 1115 748 ipsum

102 775 179 834 aqua
208 756 328 818 caelesti
356 775 536 836 consperges
564 757 714 836 faciesque
743 776 778 818 ex
807 776 842 818 eo
873 757 1005 838 collyria,
1039 777 1115 837 quae

101 936 134 993 in
161 934 309 1012 profundo
337 936 450 1014 positas
478 935 558 994 foras
589 935 770 1016 producent,
802 943 836 996 ut
868 943 972 1014 postea
999 938 1115 1016 possint

101 1021 297 1083 medicamine
321 1023 433 1083 leniore
457 1025 564 1084 sanari.

61 1127 88 1166 ro
193 1111 370 1172 intestinum
386 1118 553 1172 extremum
568 1111 677 1190 quibus
690 1113 840 1192 prominet
854 1119 884 1172 et
898 1112 1023 1194 excedit,
1043 1130 1114 1192 qrro·
1134 1123 1169 1172 53

8 1257 9 1262 ,
101 1201 181 1260 tiens
199 1203 390 1282 processerit,
408 1203 519 1262 totiens
537 1203 605 1260 aino
624 1200 728 1282 calido,
747 1203 778 1261 in
797 1219 857 1280 quo
875 1200 968 1262 herba
986 1201 1115 1262 verbena

102 1295 187 1350 cocta
210 1289 314 1370 fuerit,
338 1289 467 1350 admixto
491 1291 575 1350 tenui
598 1288 685 1350 lixivo
709 1288 800 1350 lavari
825 1290 982 1370 oportebit.
1024 1290 1115 1351 Prod-

102 1379 202 1438 est'et
223 1377 296 1438 illud
320 1381 386 1457 pice
409 1378 521 1458 liquida
543 1396 732 1458 perunguere
745 1418 746 1422 =
761 1388 791 1440 et
816 1381 859 1440 sio
882 1382 1045 1440 introrsum
1068 1398 1115 1440 re·

101 1466 186 1546 pelli,
208 1465 284 1526 bene
308 1467 378 1527 iacit
401 1468 436 1528 ad
460 1467 517 1527 hoc
541 1475 569 1528 et
592 1469 668 1528 cinis
687 1485 721 1526 ex
742 1476 892 1528 sarmento
911 1469 1007 1529 iactus
1026 1476 1114 1548 atque

61 1568 88 1608 15
104 1553 252 1614 cribratus
277 1557 434 1633 siccusque
456 1557 625 1634 inspersus3
653 1555 770 1615 alumen
794 1574 913 1634 quoque
937 1557 1039 1616 lissum
1063 1559 1115 1616 tri-

102 1650 166 1704 tum
190 1642 286 1702 eidem
307 1641 375 1702 loco
398 1644 570 1721 impositum
593 1642 755 1722 plurimum
780 1644 910 1722 prodest.

500 1834 579 1898 CAP.
603 1834 719 1897 XXXII.

99 1948 271 2006 Panicuiis
304 1951 339 2004 et
370 1947 567 2017 inguinibus
600 1952 636 2004 et
666 1949 934 2018 intertriginibus
965 1949 1115 2006 remedia

145 2039 285 2108 physica
307 2040 343 2093 et
364 2035 577 2093 rationabilia
599 2037 733 2094 diversa
756 2039 799 2093 de
823 2038 1073 2108 experimentis.

190 2173 340 2254 Malagma,
364 2172 442 2252 quod
465 2173 588 2234 discutit
611 2181 748 2256 strumas,
771 2175 930 2255 parotidas,
952 2174 1147 2258 paniculaS,1

102 2282 176 2343 quas
200 2263 306 2324 Graeci
328 2260 487 2341 phygethia
506 2269 625 2343 vocant,
649 2281 752 2324 omnes
771 2281 889 2342 quoque
908 2265 1025 2324 suturas
1044 2283 1113 2342 sup·

102 2353 275 2430 purationes
299 2351 456 2432 dispergit,
485 2350 578 2411 factas
601 2369 671 2411 vero
695 2353 803 2432 aperit,
828 2352 898 2412 facit
922 2351 1009 2412 etad
1034 2351 1113 2412 dolo·

60 2453 88 2494 20
101 2459 165 2501 rem
188 2439 481 2501 articulamentorum
505 2441 637 2500 omnium
660 2448 690 2500 et
712 2442 928 2520 iuncturarum,
953 2437 1114 2520 praecipue

101 2529 136 2590 ad
160 2529 329 2590 lumborum
351 2526 483 2588 dolorem
507 2536 596 2607 atque
619 2527 800 2589 inflationem
820 2528 965 2590 stomachi
983 2529 1029 2590 vel
1047 2529 1114 2609 coli,

101 2619 258 2679 conficitur
282 2619 337 2678 sio:
360 2615 439 2676 Picis
458 2615 614 2696 Hispanae,
638 2616 812 2698 aphronitri,
836 2619 952 2678 resinae
974 2619 1113 2698 pityinae,

100 2725 199 2787 cerae,
227 2706 304 2766 lauri
326 2705 482 2786 bacarum,
511 2705 695 2783 singulorum
720 2706 856 2767 denarios
880 2705 995 2787 XXXV,
1019 2706 1113 2784 adipis

100 2796 211 2855 taurini
234 2793 260 2854 X
284 2791 343 2874 XV,
371 2795 570 2855 ammoniacae
594 2801 695 2873 guttae
719 2794 744 2854 X
767 2793 827 2876 XV,
850 2797 904 2856 iris
923 2794 948 2854 X
972 2794 1031 2876 XV,
1054 2795 1113 2873 gai-

60 2895 86 2936 25
100 2883 170 2943 bani
192 2881 218 2942 X
236 2881 296 2962 XV,
319 2884 432 2961 piperis
455 2881 515 2942 albi
538 2883 563 2943 X
581 2882 613 2944 V.
647 2882 728 2954 Quae
747 2883 856 2945 debent
874 2884 1030 2966 liquefieri,
1054 2883 1113 2942 dis·

101 2971 256 3032 solvuntur
283 2973 351 3049 igne
375 2979 406 3032 et
428 2971 493 3031 oleo
517 2974 622 3050 exiguo
652 2971 821 3054 diluuntur,
850 2979 948 3034 cetera
973 2979 1059 3032 tunsa
1083 2978 1113 3032 et

101 3060 229 3121 cribrata
252 3059 329 3120 bene
353 3068 553 3138 asperguntur
575 3064 688 3140 tepenti
711 3062 935 3141 medicamento,
959 3060 1038 3140 quod
1060 3059 1112 3119 diu

101 3149 237 3228 agitando
260 3151 418 3230 miscetur,
442 3149 548 3209 deinde
571 3149 708 3210 manibus
733 3149 890 3231 subigitur,
913 3157 947 3210 ut
969 3147 1112 3225 malagma

101 3239 321 3299 exactissimum
345 3238 405 3298 liat.

189 3371 435 3428 ioalchantbum.
481 3372 634 3442 siypteriae
653 3373 758 3430 addidi.
811 3371 922 3427 ehistes.
972 3377 1022 3426 ia
1035 3386 1112 3426 uoca-

100 3445 162 3499 bulo
182 3445 368 3499 servabuntur
386 3446 469 3500 cocleae
487 3445 578 3512 deficit
590 3461 674 3515 usque
688 3447 725 3500 ad
739 3462 760 3500 e.
771 3443 948 3512 uminis.
1014 3448 1047 3496 10
1067 3458 1112 3497 ex-

101 3513 190 3584 cedet,
205 3517 319 3572 correct.
359 3521 392 3572 18
406 3515 562 3588 phygethla
575 3515 745 3587 Stephanus:
760 3513 936 3586 phygethlon
952 3512 1111 3570 Coruorius.
