2518 3806
488 122 726 186 -375-

8 349 10 374 ᾖ
99 285 136 345 ad
159 282 354 362 chiragricos,
382 282 419 342 ad
442 281 604 363 arthritim,
631 283 668 343 ad
696 282 739 342 iffi
762 281 907 364 dolorem,
936 284 971 344 ad
998 285 1112 345 ventris

8 383 9 442 j
100 371 262 450 molestias,
290 371 325 431 ad
351 388 511 430 nervorum
535 371 768 432 contractionem
792 378 822 430 et
845 371 880 430 ad
905 389 1008 432 omues
1031 372 1111 433 dolo·

8 451 9 460 ’
101 478 162 538 res,
191 461 242 538 qui
270 466 341 519 suut
367 460 399 518 in
427 476 567 538 corpore;
599 459 755 519 conficitur
782 456 845 518 Xll.
873 457 936 519 Kal.
964 459 1017 519 lul.
1050 479 1111 520 non

100 549 225 608 interest
249 565 307 626 quo
331 547 378 606 die
398 546 443 606 vel
462 545 531 606 luna
550 545 596 606 vel
614 546 730 627 malina,
749 545 908 607 dummodo
929 565 1019 624 supra
1038 551 1110 608 scri-

72 643 170 714 sptus
189 635 253 695 dies
272 634 456 716 observetur,
476 651 534 713 quo
553 634 738 694 medicamen
752 635 802 693 fiat
821 635 878 695 sic:
898 632 963 694 Olei
977 633 1008 695 P.
1023 633 1111 714 XXV,

100 723 153 784 sed
181 724 299 803 optimi,
327 724 387 782 vini
416 723 521 801 optimi
543 721 641 799 pondo
665 720 744 780 XXV
766 751 811 764 -
834 731 977 800 quantum
999 722 1111 783 bonum

100 812 190 872 fuerit
213 813 329 890 vinum,
357 817 472 871 tantum
500 809 606 870 melius
630 811 688 870 erit
710 809 959 871 medicamentum
984 841 1023 854 —
1049 829 1110 871 ser·

100 899 171 978 pylli
203 901 377 978 campestris
407 897 564 958 fasciculos
592 896 619 956 X
647 906 706 958 tam
734 898 861 975 grandes
889 917 977 976 quam
1005 917 1110 959 manus

99 989 157 1047 viri
183 988 318 1066 recipere
345 994 457 1067 potest3
485 985 537 1046 sed
566 1003 656 1064 supra
684 988 794 1064 scripta
822 985 869 1046 die
898 986 996 1065 colligi
1022 986 1111 1047 debet

59 1097 86 1137 ao
100 1074 274 1155 serpyllum,
302 1082 336 1134 ut
365 1076 463 1134 statim
491 1091 597 1134 recens
625 1091 694 1134 cum
720 1091 810 1152 supra
833 1073 920 1134 dictis
943 1074 1111 1152 liquoribus

100 1171 259 1243 coquatur,
286 1163 363 1240 quod
388 1169 507 1241 oportet
531 1171 588 1222 lam
612 1161 664 1222 diu
687 1163 789 1242 coqui,
813 1180 969 1241 quousque
993 1162 1028 1222 ad
1052 1161 1111 1222 olei

99 1269 269 1311 mensuram
298 1250 397 1328 liquor
425 1252 521 1312 omnis
549 1251 658 1327 veniat3
688 1268 756 1310 cum
782 1250 968 1332 refriguerit,
996 1250 1111 1312 colatur

99 1338 256 1418 diligenter
286 1346 317 1398 et
346 1338 397 1399 ubi
424 1338 552 1398 nitidum
580 1337 683 1419 fuerit,
716 1338 807 1398 addes
836 1341 953 1399 resinae
980 1341 1109 1418 pityinae

99 1427 197 1504 pondo
221 1429 287 1507 tria,
310 1429 488 1504 opopanacis
506 1425 611 1486 libram
631 1429 730 1505 semis,
752 1425 869 1503 galbani
887 1425 991 1487 libram
1010 1429 1110 1506 semis,

59 1537 86 1577 ιε
100 1531 186 1574 cerae
205 1515 288 1574 rufae
302 1513 407 1573 libram
422 1515 521 1594 semis,
540 1516 664 1574 storacis
678 1513 793 1592 libram,
812 1513 993 1592 opobalsami
1009 1547 1046 1557 —
1063 1513 1109 1574 Vl.

100 1601 179 1662 llaec
203 1602 301 1660 omnia
324 1601 488 1661 confundes
512 1603 543 1660 in
566 1603 624 1661 isto
648 1600 726 1681 oleo;
754 1609 899 1661 storacem
924 1619 993 1661 sane
1016 1619 1110 1680 pones

99 1691 131 1750 in
154 1688 259 1749 balneo
287 1696 317 1748 et
339 1688 381 1748 ibi
404 1687 500 1749 solves
523 1697 612 1767 atque
635 1691 666 1748 in
689 1690 830 1748 mortario
853 1696 987 1749 teres-et
1008 1691 1110 1749 remit·

99 1786 145 1838 tes
174 1779 272 1837 omnia
299 1778 331 1836 in
356 1794 406 1836 vas
429 1794 548 1836 aereum
572 1775 673 1855 ibique
696 1795 789 1854 pones
813 1777 849 1836 ad
872 1777 969 1837 focum
991 1778 1109 1856 ‘species

101 1883 191 1944 supra
210 1867 346 1946 scriptas,
365 1882 440 1943 quae
459 1872 519 1924 tam
538 1863 589 1925 diu
607 1873 782 1945 coquantur,
802 1865 942 1943 quamdiu
957 1863 1110 1925 solvantur

59 1976 86 2016 so
100 1953 189 2034 beneq
217 1953 324 2014 deinde
352 1953 389 2013 de
417 1955 515 2013 resina
542 1952 695 2030 pulverem
721 1953 810 2012 facies
834 1960 864 2013 et
886 1971 1026 2032 asperges
1049 1971 1110 2012 me·

3 2049 4 2056 ’
99 2042 250 2122 dicamini,
274 2041 345 2102 dum
369 2041 465 2102 adhuc
488 2043 640 2122 coquitur,
665 2059 724 2120 quo
747 2039 928 2119 malagmatis
951 2041 1016 2101 loeo
1040 2059 1109 2102 cum

99 2149 174 2209 opus
197 2130 288 2190 fuerit
310 2131 413 2190 uteris.

188 2218 328 2278 Cerotum
356 2218 391 2278 ad
420 2217 585 2295 chiragram
612 2225 642 2277 et
667 2217 818 2296 parotidas
845 2225 875 2277 et
903 2224 1037 2277 tumores
1065 2217 1107 2276 di·
1127 2232 1164 2284 ao

99 2325 202 2367 versos
232 2314 262 2366 et
289 2305 402 2367 fistulas
434 2313 465 2365 et
492 2305 667 2365 furunculos
700 2307 808 2383 accipit
839 2305 924 2365 haec:
963 2304 1108 2366 Cerussae

59 2416 87 2457 ss
100 2393 131 2456 P.
150 2394 177 2475 l,
200 2396 375 2455 ammoniaci
398 2393 428 2454 P.
448 2393 474 2472 Ι,
498 2393 556 2453 olei
578 2392 610 2452 P.
630 2392 655 2474 l;
683 2411 804 2454 cerussa
830 2392 953 2453 terenda
976 2395 1008 2453 in
1031 2411 1109 2453 mor·

100 2485 175 2545 tario
204 2481 443 2561 diligentissime,
471 2480 577 2540 deinde
606 2479 703 2542 oleum
730 2480 870 2560 paulatim
899 2482 1109 2560 supermitten-

100 2572 184 2651 dum,
212 2579 243 2630 et
265 2589 333 2630 eum
357 2569 445 2630 simul
468 2571 538 2629 trita
561 2569 672 2628 fuerint
695 2571 801 2648 omnia,
825 2569 967 2629 mittenda
990 2571 1021 2628 iu
1044 2587 1108 2630 cao·

101 2659 207 2720 cabum
230 2657 277 2718 rel
299 2657 432 2738 trullam,
459 2665 494 2717 ut
516 2657 662 2738 ferveant,
690 2666 720 2718 et
742 2656 813 2718 dum
837 2665 1021 2736 coquuntur,
1045 2660 1109 2717 sine

3 2755 4 2764 ³
100 2747 320 2807 intermissione
339 2746 482 2824 agitanda.
516 2744 573 2805 Sed
592 2763 660 2806 cum
679 2745 803 2806 densum
818 2764 883 2805 esse
898 2748 1030 2824 coeperit
1048 2763 1108 2805 me·

60 2856 86 2896 eo
101 2836 235 2896 dicamen
258 2833 294 2893 ad
318 2835 448 2912 speciem
472 2836 575 2913 ceroti,
598 2841 661 2893 tum
681 2835 895 2894 ammoniacum
916 2835 1021 2894 tritum
1043 2833 1108 2894 dili·

100 2930 205 3002 genter
224 2922 491 3000 supermittendum
511 2921 723 3000 coquendaque
742 2922 830 2982 simul
848 2923 945 2982 omnia
960 2922 1042 2982 horis
1056 2939 1109 2981 sex

101 3012 181 3072 lento
195 3013 273 3090 igne,
292 3028 329 3070 ne
344 3009 515 3088 adurantur,
533 3018 563 3070 et
577 3012 641 3070 sine
656 3012 829 3090 cessatione,
844 3010 915 3072 darm
929 3018 1107 3088 coquuntur,

101 3098 250 3179 agitanda;
270 3113 338 3158 oum
358 3097 468 3158 videris
487 3099 585 3157 omnia
606 3097 682 3158 bene
697 3099 795 3178 mixta,
813 3097 941 3158 defunde
956 3100 1108 3175 inaquam

38 3199 40 3206 '
101 3187 237 3266 frigidam
252 3195 282 3246 et
296 3185 432 3247 manibus
447 3185 551 3263 subige
565 3185 611 3246 vel
625 3186 752 3265 perfrica
768 3195 797 3245 et
811 3188 853 3245 sic
867 3203 978 3264 repone
996 3193 1026 3244 et
1040 3202 1108 3244 cum

61 3294 87 3335 as
101 3294 174 3337 usus
197 3277 338 3354 exegerit,
362 3274 457 3336 alutae
476 3273 568 3333 inline
587 3282 618 3334 et
636 3275 678 3333 sic
698 3273 811 3351 adpone
830 3273 902 3333 locis
923 3274 1110 3333 necessariis.

190 3468 205 3518 9
225 3462 327 3534 collegi
346 3460 504 3519 Oornorius.
579 3465 613 3516 20
631 3459 720 3516 facias
738 3461 815 3516 idem.
