2636 3790
478 116 697 178 ...17-

80 277 214 339 decurrit
241 279 318 338 vim:
350 279 517 356 potentiora
545 279 625 338 enim
655 276 728 336 baec
757 285 786 336 et
814 275 980 338 efficaciora
1009 295 1097 358 quam

80 366 150 448 cibi;
173 374 245 447 post
268 366 321 427 ubi
345 384 383 427 ne
406 367 442 427 ad
464 367 538 427 baec
562 366 683 446 quidem
706 364 817 426 cedunt
839 365 1028 428 difficultates
1047 368 1096 428 ad-

78 474 179 516 versae
207 454 404 536 valetudinis,
432 463 504 516 tuuc
533 464 634 516 coacta
662 453 699 514 ad
727 456 890 514 sectionem
917 454 963 514 vel
991 455 1096 517 ultimo

79 544 113 604 ad
131 546 286 605 ustionem
305 546 393 605 venit.
430 545 468 605 At
486 543 683 623 Asclepiades,
708 543 853 603 maximus
877 551 980 604 auctor
1004 545 1096 606 medi·
1115 554 1131 604 1

52 635 169 714 331333,
188 635 311 712 negavit
329 635 426 711 aegris
444 633 540 693 danda
558 632 786 711 medicamenta3
806 630 926 711 quidam
945 634 1024 693 enim
1039 633 1096 694 boc

77 721 233 782 mendacio
259 724 347 782 etiam
370 740 425 800 pro
448 730 623 800 argumento
647 727 782 782 utuntur.
826 719 965 780 Poteram
988 727 1096 803 tamen,

77 813 101 869 si
123 828 232 870 verum
256 810 287 870 id
311 819 403 890 esset,
426 811 540 871 dicere:
568 809 683 870 Viderit
705 807 910 889 Asclepiades,
933 807 1005 886 quid
1029 826 1096 870 sen·

76 901 157 978 serit,
178 899 307 959 forsitan
325 917 385 959 non
405 901 524 959 omnino
542 902 574 959 in
592 899 670 959 banc
684 905 799 977 partem
814 899 945 958 animum
960 897 1095 960 intendit.

77 986 171 1047 Homo
203 1005 275 1047 sane
304 987 373 1068 fuit,
402 990 453 1066 qui
479 1005 585 1068 parum
614 986 741 1047 feliciter
771 1003 803 1046 33
830 987 862 1046 13
890 985 946 1046 boc
976 988 1094 1066 negotio

39 1096 63 1135 13
76 1077 178 1154 gessit.
215 1075 320 1154 ltaque
343 1094 404 1136 non
427 1076 581 1137 deterreor
603 1093 739 1156 persona,
763 1093 831 1136 cum
854 1093 918 1136 rem
937 1075 1094 1136 manifeste

75 1164 223 1242 prodesse
246 1165 370 1226 videam.
402 1164 487 1226 Nunc
510 1183 581 1226 1313
605 1183 674 1226 3331
696 1173 757 1226 1331
774 1163 955 1244 inpudenter
974 1164 1094 1242 quidam

75 1253 110 1312 de
141 1272 178 1313 eo
209 1252 285 1312 mala
313 1255 589 1334 comminiscantur,
623 1253 694 1332 quid
726 1270 849 1332 possum
877 1252 955 1314 ultra
983 1253 1093 1334 dicere,

74 1343 135 1401 nisi
158 1340 378 1420 quodammodo
401 1343 595 1421 parricidium
619 1361 652 1402 ac
676 1341 863 1420 sacrilegium
888 1359 939 1402 333
958 1344 1092 1402 commit·

73 1439 149 1509 tere,
175 1432 229 1508 qui
253 1429 324 1492 baec
348 1429 473 1493 dicunt?
514 1431 565 1491 1113
589 1433 669 1492 33131
692 1429 930 1492 febricitantibus
954 1432 1129 1510 1111131338

34 1539 59 1579 11
72 1517 294 1597 praecipitibus
313 1523 467 1600 correptio,
487 1538 562 1600 quae
582 1538 654 1580 orca
675 1520 763 1600 pathe
783 1519 888 1580 Graeci
907 1519 1019 1599 dicunt,
1043 1537 1093 1579 ne·

72 1608 155 1684 gavit
175 1607 391 1669 medicamenta
411 1609 514 1690 danda,
535 1610 603 1688 quia
623 1607 690 1668 cibo
709 1612 836 1688 vinoque
856 1616 923 1686 apte
942 1607 1093 1667 1313111331

73 1695 144 1755 dato
169 1695 330 1756 remediari
358 1699 454 1758 tutius
482 1716 533 1758 eos
562 1699 748 1758 existimavit.
786 1697 926 1757 Ceterum
953 1697 983 1754 iu
1007 1693 1092 1774 libro,

74 1786 127 1862 qui
154 1802 355 1866 parasceuon,
382 1786 412 1846 id
440 1794 486 1846 331
513 1788 784 1864 praeparationum,
812 1782 999 1862 inscribitur,
1024 1799 1092 1843 con·

75 1872 173 1932 tendit
202 1872 323 1933 ultimae
352 1876 441 1934 sortis
465 1892 531 1935 esse
555 1875 718 1954 medicum,
747 1874 797 1951 qui
825 1889 885 1931 non
913 1871 948 1931 ad
977 1871 1093 1950 siugula

34 1983 60 2023 ao
77 1979 216 2040 quaeque
244 1963 313 2022 vitia
341 1962 426 2022 binas
453 1970 613 2042 ternasque
644 1963 865 2041 conpositiones
896 1967 926 2019 31
956 1969 1093 2038 expertas

74 2060 104 2110 31
127 2052 269 2130 protinus
287 2060 404 2129 paratas
422 2050 538 2113 babeat.
575 2050 663 2112 Vides
687 2067 768 2131 ergo,
793 2066 880 2129 quam
900 2066 960 2108 non
978 2047 1093 2127 placeat

73 2138 246 2218 Asclepiadi
271 2158 344 2218 usus
372 2135 678 2200 medicamentorum?
706 2141 755 2200 cui
782 2140 840 2199 3131
869 2133 980 2217 <11313>
1006 2135 1092 2216 plura

74 2227 108 2287 ad
125 2246 222 2288 unum
237 2228 376 2307 quodque
391 2246 485 2307 genus
499 2229 564 2288 vitii
580 2228 794 2289 medicamenta
808 2228 962 2306 conposita
976 2225 1090 2308 babeat,

74 2334 135 2376 uon
154 2316 275 2377 videtur
293 2316 400 2395 diguus
419 2316 604 2396 professione
623 2317 794 2379 medicinae.
829 2315 886 2377 Sed
900 2318 957 2377 ista
971 2315 1090 2377 licentia
1109 2327 1125 2377 3

38 2407 197 2465 eonomine
216 2405 419 2466 tautummodo
438 2405 622 2466 medicorum
642 2414 766 2485 propter
787 2403 973 2485 quorundam
993 2403 1089 2482 negle-

74 2496 206 2571 gentiam
231 2492 319 2554 latius
342 2497 497 2572 processit.
530 2494 608 2554 11313
628 2497 706 2554 33113
725 2494 841 2574 aliquis,
864 2495 1038 2572 priusquam
1058 2510 1090 2552 33

74 2600 207 2660 suosque
226 2582 324 2643 tradat
342 2583 466 2664 medico,
485 2582 643 2662 diligenter
661 2583 697 2644 de
718 2601 753 2643 eo
771 2583 891 2662 iudicat,
915 2599 982 2642 cum
1002 2598 1089 2640 nemo

73 2689 110 2730 ne
149 2672 310 2748 imaginem
347 2671 466 2750 quidem
499 2690 582 2732 suam
619 2675 784 2733 committat
819 2669 997 2750 pingendam
1031 2671 1091 2730 3131

72 2757 202 2836 probato
234 2761 319 2838 prius
356 2760 462 2820 artifici
499 2779 553 2840 per
587 2761 731 2840 quaedam
762 2762 964 2840 experimenta
1000 2765 1089 2837 atque

38 2847 171 2909 13313313
203 2847 390 2928 habeantque
423 2867 525 2909 omnes
560 2851 691 2929 pondera
719 2869 752 2910 ac
779 2865 935 2910 mensuras
964 2855 1090 2928 exactas,

72 2956 110 2997 ne
146 2935 219 3015 quid
247 2955 384 2997 errorum
412 2939 444 2996 in
471 2937 562 2998 rebus
590 2941 766 2999 necessariis
794 2937 920 3016 accidat,
952 2934 1090 2996 videlicet

73 3027 144 3104 quia
177 3033 248 3085 sunt
275 3025 408 3108 quidam,
437 3028 489 3105 qui
515 3026 610 3106 pluris
639 3027 693 3087 alia
722 3045 811 3106 quam
839 3045 871 3086 se
898 3027 980 3103 ipsos
1003 3027 1089 3084 aesti-

73 3123 166 3176 ment.
214 3113 259 3174 Ob
283 3115 361 3193 quod
387 3114 501 3176 sublata
529 3125 575 3176 est
601 3117 654 3176 1131
677 3117 786 3195 cuique
815 3113 954 3176 studendi
986 3130 1088 3174 neces·

146 3266 354 3322 evalitudinis.
445 3270 578 3323 431331.
666 3266 790 3331 71111311
807 3269 887 3334 (roo.)
908 3263 975 3334 quid
993 3261 1088 3316 Ascle·

73 3338 185 3407 piades.
251 3343 284 3392 10
303 3339 374 3411 1331]
393 3356 431 3394 re.
494 3339 654 3393 manifecte..
719 3344 750 3392 11
772 3337 874 3392 videor.
936 3335 1088 3400 13113113-

74 3409 172 3480 pathe.
245 3413 279 3462 22
299 3409 356 3480 cai]
375 3416 405 3477 1“1;
467 3408 598 3477 11313331.
664 3415 697 3462 25
716 3405 928 3476 negligentiam.
985 3403 1088 3456 80113-

74 3481 179 3536 beatae
197 3479 293 3534 omnia
311 3479 470 3536 0311131133.

128 3579 292 3625 manneus,
307 3588 347 3619 an.
361 3580 516 3619 1133333133.
912 3563 928 3609 2
