<?xml version="1.0" encoding="UTF-8"?>
<!DOCTYPE html PUBLIC "-//W3C//DTD XHTML 1.0 Transitional//EN"
    "http://www.w3.org/TR/xhtml1/DTD/xhtml1-transitional.dtd">
<html xmlns="http://www.w3.org/1999/xhtml" xml:lang="en" lang="en">
 <head>
  <title>
</title>
<meta http-equiv="Content-Type" content="text/html;charset=utf-8" />
  <meta name='ocr-system' content='tesseract 3.04.00' />
  <meta name='ocr-capabilities' content='ocr_page ocr_carea ocr_par ocr_line ocrx_word'/>
</head>
<body>
  <div class='ocr_page' id='page_1' title='image "./marcellidemedic02helmgoog_0160.png"; bbox 0 0 2564 3794; ppageno 0'>
   <div class='ocr_carea' id='block_1_1' title="bbox 551 115 791 192">
    <p class='ocr_par' dir='ltr' id='par_1_1' title="bbox 551 115 791 192">
     <span class='ocr_line' id='line_1_1' title="bbox 551 115 791 192; baseline 0 0"><span class='ocrx_word' id='word_1_1' title='bbox 551 115 791 192; x_wconf 81' lang='lat'>-1&#39;48-</span> 
     </span>
    </p>
   </div>
   <div class='ocr_carea' id='block_1_2' title="bbox 107 288 1270 3382">
    <p class='ocr_par' dir='ltr' id='par_1_2' title="bbox 162 288 1182 462">
     <span class='ocr_line' id='line_1_2' title="bbox 162 288 1182 374; baseline -0.004 -19"><span class='ocrx_word' id='word_1_2' title='bbox 162 302 301 374; x_wconf 90' lang='lat' dir='ltr'>strumas,</span> <span class='ocrx_word' id='word_1_3' title='bbox 325 295 414 354; x_wconf 92' lang='lat' dir='ltr'>etiam</span> <span class='ocrx_word' id='word_1_4' title='bbox 437 289 621 352; x_wconf 80' lang='lat' dir='ltr'><strong>marrubium</strong></span> <span class='ocrx_word' id='word_1_5' title='bbox 645 309 714 352; x_wconf 92' lang='lat' dir='ltr'>cum</span> <span class='ocrx_word' id='word_1_6' title='bbox 737 291 822 370; x_wconf 87' lang='lat' dir='ltr'>adipe</span> <span class='ocrx_word' id='word_1_7' title='bbox 846 292 972 350; x_wconf 86' lang='lat' dir='ltr'>mixtum</span> <span class='ocrx_word' id='word_1_8' title='bbox 994 288 1182 368; x_wconf 90' lang='lat' dir='ltr'>adpositum-</span> 
     </span>
     <span class='ocr_line' id='line_1_3' title="bbox 163 382 374 462; baseline -0.014 -18"><span class='ocrx_word' id='word_1_9' title='bbox 163 401 220 462; x_wconf 91' lang='lat' dir='ltr'>que</span> <span class='ocrx_word' id='word_1_10' title='bbox 243 382 374 461; x_wconf 87' lang='lat' dir='ltr'>prodest.</span> 
     </span>
    </p>

    <p class='ocr_par' dir='ltr' id='par_1_3' title="bbox 108 466 1182 544">
     <span class='ocr_line' id='line_1_4' title="bbox 108 466 1182 544; baseline -0.005 -10"><span class='ocrx_word' id='word_1_11' title='bbox 108 485 141 535; x_wconf 76' lang='lat'>79</span> <span class='ocrx_word' id='word_1_12' title='bbox 250 469 437 530; x_wconf 88' lang='lat' dir='ltr'>Exulceratis</span> <span class='ocrx_word' id='word_1_13' title='bbox 466 470 590 528; x_wconf 84' lang='lat' dir='ltr'><strong>strumis</strong></span> <span class='ocrx_word' id='word_1_14' title='bbox 618 467 761 528; x_wconf 80' lang='lat' dir='ltr'>mustelae</span> <span class='ocrx_word' id='word_1_15' title='bbox 789 467 909 544; x_wconf 82' lang='lat' dir='ltr'>sanguis</span> <span class='ocrx_word' id='word_1_16' title='bbox 934 473 1015 526; x_wconf 87' lang='lat' dir='ltr'>recte</span> <span class='ocrx_word' id='word_1_17' title='bbox 1038 466 1182 529; x_wconf 85' lang='lat' dir='ltr'>inlinitur</span> 
     </span>
    </p>

    <p class='ocr_par' dir='ltr' id='par_1_4' title="bbox 107 551 1270 728">
     <span class='ocr_line' id='line_1_5' title="bbox 107 551 1270 638; baseline -0.003 -16"><span class='ocrx_word' id='word_1_18' title='bbox 107 573 142 623; x_wconf 93' lang='lat'>80</span> <span class='ocrx_word' id='word_1_19' title='bbox 161 559 207 620; x_wconf 87' lang='lat' dir='ltr'>vel</span> <span class='ocrx_word' id='word_1_20' title='bbox 238 561 302 638; x_wconf 91' lang='lat' dir='ltr'>ipsa</span> <span class='ocrx_word' id='word_1_21' title='bbox 330 561 361 619; x_wconf 91' lang='lat' dir='ltr'>in</span> <span class='ocrx_word' id='word_1_22' title='bbox 392 560 461 618; x_wconf 84' lang='lat' dir='ltr'>vino</span> <span class='ocrx_word' id='word_1_23' title='bbox 493 557 615 617; x_wconf 89' lang='lat' dir='ltr'>decocta</span> <span class='ocrx_word' id='word_1_24' title='bbox 648 555 807 617; x_wconf 80' lang='lat' dir='ltr'>salubriter</span> <span class='ocrx_word' id='word_1_25' title='bbox 834 557 996 632; x_wconf 87' lang='lat' dir='ltr'>inponitur.</span> <span class='ocrx_word' id='word_1_26' title='bbox 1043 555 1181 637; x_wconf 87' lang='lat' dir='ltr'>Cocleue,</span> <span class='ocrx_word' id='word_1_27' title='bbox 1269 551 1270 554; x_wconf 51' lang='lat'>&#39;</span> 
     </span>
     <span class='ocr_line' id='line_1_6' title="bbox 162 645 1210 728; baseline -0.007 -19"><span class='ocrx_word' id='word_1_28' title='bbox 162 667 237 728; x_wconf 87' lang='lat' dir='ltr'>quae</span> <span class='ocrx_word' id='word_1_29' title='bbox 266 647 367 708; x_wconf 90' lang='lat' dir='ltr'>salinis</span> <span class='ocrx_word' id='word_1_30' title='bbox 394 646 563 726; x_wconf 85' lang='lat' dir='ltr'>inhaerent,</span> <span class='ocrx_word' id='word_1_31' title='bbox 592 663 661 706; x_wconf 89' lang='lat' dir='ltr'>cum</span> <span class='ocrx_word' id='word_1_32' title='bbox 688 647 774 706; x_wconf 90' lang='lat' dir='ltr'>testis</span> <span class='ocrx_word' id='word_1_33' title='bbox 800 645 863 704; x_wconf 89' lang='lat' dir='ltr'>suis</span> <span class='ocrx_word' id='word_1_34' title='bbox 885 651 992 704; x_wconf 86' lang='lat' dir='ltr'>tunsae</span> <span class='ocrx_word' id='word_1_35' title='bbox 1016 651 1107 722; x_wconf 91' lang='lat' dir='ltr'>atque</span> <span class='ocrx_word' id='word_1_36' title='bbox 1130 648 1210 706; x_wconf 79' lang='lat' dir='ltr'>ime</span> 
     </span>
    </p>

    <p class='ocr_par' dir='ltr' id='par_1_5' title="bbox 107 731 1270 902">
     <span class='ocr_line' id='line_1_7' title="bbox 107 731 1181 817; baseline -0.005 -17"><span class='ocrx_word' id='word_1_37' title='bbox 107 751 140 801; x_wconf 89' lang='lat'>81</span> <span class='ocrx_word' id='word_1_38' title='bbox 160 739 274 817; x_wconf 87' lang='lat' dir='ltr'>positae</span> <span class='ocrx_word' id='word_1_39' title='bbox 299 737 421 797; x_wconf 85' lang='lat' dir='ltr'>strumis</span> <span class='ocrx_word' id='word_1_40' title='bbox 445 734 606 796; x_wconf 87' lang='lat' dir='ltr'>efficaciter</span> <span class='ocrx_word' id='word_1_41' title='bbox 629 740 764 813; x_wconf 92' lang='lat' dir='ltr'>prosunt.</span> <span class='ocrx_word' id='word_1_42' title='bbox 801 731 908 810; x_wconf 86' lang='lat' dir='ltr'>Talpae</span> <span class='ocrx_word' id='word_1_43' title='bbox 933 733 1009 792; x_wconf 90' lang='lat' dir='ltr'>cinis</span> <span class='ocrx_word' id='word_1_44' title='bbox 1033 750 1070 792; x_wconf 90' lang='lat' dir='ltr'>ex</span> <span class='ocrx_word' id='word_1_45' title='bbox 1089 733 1181 795; x_wconf 88' lang='lat' dir='ltr'>melle</span> 
     </span>
     <span class='ocr_line' id='line_1_8' title="bbox 160 821 1270 902; baseline -0.012 -15"><span class='ocrx_word' id='word_1_46' title='bbox 160 827 264 887; x_wconf 89' lang='lat' dir='ltr'>inlitus</span> <span class='ocrx_word' id='word_1_47' title='bbox 288 826 411 886; x_wconf 90' lang='lat' dir='ltr'>strumis</span> <span class='ocrx_word' id='word_1_48' title='bbox 435 822 480 883; x_wconf 83' lang='lat' dir='ltr'>rel</span> <span class='ocrx_word' id='word_1_49' title='bbox 502 825 588 884; x_wconf 91' lang='lat' dir='ltr'>iecur</span> <span class='ocrx_word' id='word_1_50' title='bbox 611 826 676 883; x_wconf 88' lang='lat' dir='ltr'>eius</span> <span class='ocrx_word' id='word_1_51' title='bbox 698 824 778 883; x_wconf 88' lang='lat' dir='ltr'>inter</span> <span class='ocrx_word' id='word_1_52' title='bbox 800 838 906 881; x_wconf 90' lang='lat' dir='ltr'>manus</span> <span class='ocrx_word' id='word_1_53' title='bbox 929 822 1034 881; x_wconf 87' lang='lat' dir='ltr'>tritum</span> <span class='ocrx_word' id='word_1_54' title='bbox 1059 821 1179 902; x_wconf 87' lang='lat' dir='ltr'>adposi-</span> <span class='ocrx_word' id='word_1_55' title='bbox 1269 871 1270 874; x_wconf 74' lang='grc'>,</span> 
     </span>
    </p>

    <p class='ocr_par' dir='ltr' id='par_1_6' title="bbox 107 909 1180 1082">
     <span class='ocr_line' id='line_1_9' title="bbox 107 909 1180 994; baseline -0.006 -17"><span class='ocrx_word' id='word_1_56' title='bbox 107 928 142 978; x_wconf 76' lang='lat'>88</span> <span class='ocrx_word' id='word_1_57' title='bbox 161 923 225 976; x_wconf 92' lang='lat' dir='ltr'>tum</span> <span class='ocrx_word' id='word_1_58' title='bbox 253 914 416 994; x_wconf 91' lang='lat' dir='ltr'>plurimum</span> <span class='ocrx_word' id='word_1_59' title='bbox 443 911 574 991; x_wconf 90' lang='lat' dir='ltr'>prodest.</span> <span class='ocrx_word' id='word_1_60' title='bbox 621 911 758 972; x_wconf 89' lang='lat' dir='ltr'>Strumae</span> <span class='ocrx_word' id='word_1_61' title='bbox 785 911 897 988; x_wconf 90' lang='lat' dir='ltr'>optime</span> <span class='ocrx_word' id='word_1_62' title='bbox 925 909 1063 970; x_wconf 90' lang='lat' dir='ltr'>medetur</span> <span class='ocrx_word' id='word_1_63' title='bbox 1091 911 1180 972; x_wconf 83' lang='lat' dir='ltr'>radix</span> 
     </span>
     <span class='ocr_line' id='line_1_10' title="bbox 160 1001 1179 1082; baseline -0.002 -20"><span class='ocrx_word' id='word_1_64' title='bbox 160 1002 319 1082; x_wconf 88' lang='lat' dir='ltr'>verbenae,</span> <span class='ocrx_word' id='word_1_65' title='bbox 348 1003 375 1061; x_wconf 90' lang='lat' dir='ltr'>si</span> <span class='ocrx_word' id='word_1_66' title='bbox 402 1019 466 1061; x_wconf 89' lang='lat' dir='ltr'>eam</span> <span class='ocrx_word' id='word_1_67' title='bbox 493 1008 693 1060; x_wconf 89' lang='lat' dir='ltr'>transversam</span> <span class='ocrx_word' id='word_1_68' title='bbox 720 1017 838 1060; x_wconf 86' lang='lat' dir='ltr'>reseces</span> <span class='ocrx_word' id='word_1_69' title='bbox 862 1006 1086 1077; x_wconf 86' lang='lat' dir='ltr'>extremamque</span> <span class='ocrx_word' id='word_1_70' title='bbox 1110 1001 1179 1060; x_wconf 91' lang='lat' dir='ltr'>eius</span> 
     </span>
    </p>

    <p class='ocr_par' dir='ltr' id='par_1_7' title="bbox 142 1088 1223 1434">
     <span class='ocr_line' id='line_1_11' title="bbox 142 1088 1223 1170; baseline -0.009 -19"><span class='ocrx_word' id='word_1_71' title='bbox 142 1098 276 1170; x_wconf 76' lang='lat' dir='ltr'>‘partem</span> <span class='ocrx_word' id='word_1_72' title='bbox 299 1089 462 1150; x_wconf 89' lang='lat' dir='ltr'>laborantis</span> <span class='ocrx_word' id='word_1_73' title='bbox 485 1089 561 1149; x_wconf 94' lang='lat' dir='ltr'>collo</span> <span class='ocrx_word' id='word_1_74' title='bbox 585 1088 757 1168; x_wconf 81' lang='lat' dir='ltr'>subnectas,</span> <span class='ocrx_word' id='word_1_75' title='bbox 781 1089 913 1166; x_wconf 87' lang='lat' dir='ltr'>priorem</span> <span class='ocrx_word' id='word_1_76' title='bbox 936 1094 1035 1146; x_wconf 88' lang='lat' dir='ltr'>autem</span> <span class='ocrx_word' id='word_1_77' title='bbox 1059 1095 1179 1166; x_wconf 87' lang='lat' dir='ltr'>partem</span> <span class='ocrx_word' id='word_1_78' title='bbox 1194 1105 1223 1142; x_wconf 79' lang='grc' dir='ltr'>ιο</span> 
     </span>
     <span class='ocr_line' id='line_1_12' title="bbox 160 1177 1179 1256; baseline 0 -18"><span class='ocrx_word' id='word_1_79' title='bbox 160 1181 192 1238; x_wconf 93' lang='lat' dir='ltr'>in</span> <span class='ocrx_word' id='word_1_80' title='bbox 220 1179 301 1238; x_wconf 90' lang='lat' dir='ltr'>lumo</span> <span class='ocrx_word' id='word_1_81' title='bbox 330 1177 502 1256; x_wconf 88' lang='lat' dir='ltr'>suspendas.</span> <span class='ocrx_word' id='word_1_82' title='bbox 548 1177 710 1237; x_wconf 69' lang='lat' dir='ltr'>trescente</span> <span class='ocrx_word' id='word_1_83' title='bbox 739 1178 818 1236; x_wconf 88' lang='lat' dir='ltr'>enim</span> <span class='ocrx_word' id='word_1_84' title='bbox 842 1193 876 1235; x_wconf 87' lang='lat' dir='ltr'>ca</span> <span class='ocrx_word' id='word_1_85' title='bbox 900 1183 1031 1236; x_wconf 89' lang='lat' dir='ltr'>strumae</span> <span class='ocrx_word' id='word_1_86' title='bbox 1056 1194 1179 1256; x_wconf 86' lang='lat' dir='ltr'>quoque</span> 
     </span>
     <span class='ocr_line' id='line_1_13' title="bbox 161 1262 1179 1326; baseline 0 0"><span class='ocrx_word' id='word_1_87' title='bbox 161 1265 354 1326; x_wconf 91' lang='lat' dir='ltr'>siccabuntur</span> <span class='ocrx_word' id='word_1_88' title='bbox 382 1273 412 1324; x_wconf 90' lang='lat' dir='ltr'>et</span> <span class='ocrx_word' id='word_1_89' title='bbox 440 1266 537 1324; x_wconf 91' lang='lat' dir='ltr'>omnis</span> <span class='ocrx_word' id='word_1_90' title='bbox 565 1283 667 1324; x_wconf 89' lang='lat' dir='ltr'>earum</span> <span class='ocrx_word' id='word_1_91' title='bbox 695 1281 782 1324; x_wconf 93' lang='lat' dir='ltr'>umor</span> <span class='ocrx_word' id='word_1_92' title='bbox 810 1271 933 1324; x_wconf 90' lang='lat' dir='ltr'>arescet.</span> <span class='ocrx_word' id='word_1_93' title='bbox 979 1262 1054 1324; x_wconf 84' lang='lat' dir='ltr'>Cum</span> <span class='ocrx_word' id='word_1_94' title='bbox 1085 1283 1179 1326; x_wconf 90' lang='lat' dir='ltr'>sanus</span> 
     </span>
     <span class='ocr_line' id='line_1_14' title="bbox 161 1351 1179 1434; baseline 0.001 -21"><span class='ocrx_word' id='word_1_95' title='bbox 161 1354 265 1434; x_wconf 89' lang='lat' dir='ltr'>luerit,</span> <span class='ocrx_word' id='word_1_96' title='bbox 289 1371 379 1432; x_wconf 91' lang='lat' dir='ltr'>quem</span> <span class='ocrx_word' id='word_1_97' title='bbox 403 1355 531 1433; x_wconf 90' lang='lat' dir='ltr'>curaris,</span> <span class='ocrx_word' id='word_1_98' title='bbox 561 1355 586 1412; x_wconf 90' lang='lat' dir='ltr'>si</span> <span class='ocrx_word' id='word_1_99' title='bbox 609 1351 665 1412; x_wconf 92' lang='lat' dir='ltr'>tibi</span> <span class='ocrx_word' id='word_1_100' title='bbox 687 1354 822 1430; x_wconf 86' lang='lat' dir='ltr'>ingratus</span> <span class='ocrx_word' id='word_1_101' title='bbox 845 1353 990 1432; x_wconf 86' lang='lat' dir='ltr'>extiterit,</span> <span class='ocrx_word' id='word_1_102' title='bbox 1016 1361 1179 1432; x_wconf 91' lang='lat' dir='ltr'>utramque</span> 
     </span>
    </p>

    <p class='ocr_par' dir='ltr' id='par_1_8' title="bbox 107 1440 1221 1964">
     <span class='ocr_line' id='line_1_15' title="bbox 107 1440 1178 1523; baseline -0.003 -17"><span class='ocrx_word' id='word_1_103' title='bbox 107 1457 143 1506; x_wconf 85' lang='lat'>88</span> <span class='ocrx_word' id='word_1_104' title='bbox 162 1449 278 1523; x_wconf 86' lang='lat' dir='ltr'>partem</span> <span class='ocrx_word' id='word_1_105' title='bbox 306 1443 337 1501; x_wconf 94' lang='lat' dir='ltr'>in</span> <span class='ocrx_word' id='word_1_106' title='bbox 366 1459 471 1520; x_wconf 92' lang='lat' dir='ltr'>aquam</span> <span class='ocrx_word' id='word_1_107' title='bbox 500 1441 620 1522; x_wconf 90' lang='lat' dir='ltr'>coicito,</span> <span class='ocrx_word' id='word_1_108' title='bbox 648 1448 777 1501; x_wconf 91' lang='lat' dir='ltr'>strumae</span> <span class='ocrx_word' id='word_1_109' title='bbox 806 1449 1009 1500; x_wconf 82' lang='lat' dir='ltr'>renascentur.</span> <span class='ocrx_word' id='word_1_110' title='bbox 1055 1440 1178 1503; x_wconf 90' lang='lat' dir='ltr'>Urticae</span> 
     </span>
     <span class='ocr_line' id='line_1_16' title="bbox 161 1527 1221 1608; baseline -0.006 -16"><span class='ocrx_word' id='word_1_111' title='bbox 161 1531 278 1592; x_wconf 90' lang='lat' dir='ltr'>radices</span> <span class='ocrx_word' id='word_1_112' title='bbox 306 1548 375 1590; x_wconf 93' lang='lat' dir='ltr'>cum</span> <span class='ocrx_word' id='word_1_113' title='bbox 403 1537 486 1590; x_wconf 91' lang='lat' dir='ltr'>aceto</span> <span class='ocrx_word' id='word_1_114' title='bbox 512 1538 613 1590; x_wconf 90' lang='lat' dir='ltr'>coctae</span> <span class='ocrx_word' id='word_1_115' title='bbox 637 1537 838 1608; x_wconf 89' lang='lat' dir='ltr'>contusaeque</span> <span class='ocrx_word' id='word_1_116' title='bbox 862 1547 896 1589; x_wconf 93' lang='lat' dir='ltr'>ac</span> <span class='ocrx_word' id='word_1_117' title='bbox 920 1527 1059 1589; x_wconf 89' lang='lat' dir='ltr'>subactae</span> <span class='ocrx_word' id='word_1_118' title='bbox 1084 1533 1179 1591; x_wconf 92' lang='lat' dir='ltr'>mani·</span> <span class='ocrx_word' id='word_1_119' title='bbox 1193 1547 1221 1586; x_wconf 84' lang='lat'>15</span> 
     </span>
     <span class='ocr_line' id='line_1_17' title="bbox 160 1619 1178 1700; baseline 0 -20"><span class='ocrx_word' id='word_1_120' title='bbox 160 1620 217 1680; x_wconf 93' lang='lat' dir='ltr'>bus</span> <span class='ocrx_word' id='word_1_121' title='bbox 236 1619 354 1698; x_wconf 88' lang='lat' dir='ltr'>tepidae</span> <span class='ocrx_word' id='word_1_122' title='bbox 372 1621 567 1700; x_wconf 90' lang='lat' dir='ltr'>inponuntur,</span> <span class='ocrx_word' id='word_1_123' title='bbox 590 1620 767 1698; x_wconf 89' lang='lat' dir='ltr'>incipientes</span> <span class='ocrx_word' id='word_1_124' title='bbox 786 1626 916 1678; x_wconf 89' lang='lat' dir='ltr'>strumas</span> <span class='ocrx_word' id='word_1_125' title='bbox 935 1619 1077 1678; x_wconf 92' lang='lat' dir='ltr'>continuo</span> <span class='ocrx_word' id='word_1_126' title='bbox 1096 1637 1178 1680; x_wconf 91' lang='lat' dir='ltr'>com·</span> 
     </span>
     <span class='ocr_line' id='line_1_18' title="bbox 159 1705 1178 1788; baseline -0.001 -19"><span class='ocrx_word' id='word_1_127' title='bbox 159 1711 302 1788; x_wconf 91' lang='lat' dir='ltr'>primunt.</span> <span class='ocrx_word' id='word_1_128' title='bbox 348 1707 428 1768; x_wconf 89' lang='lat' dir='ltr'>Haec</span> <span class='ocrx_word' id='word_1_129' title='bbox 452 1717 553 1768; x_wconf 87' lang='lat' dir='ltr'>autem</span> <span class='ocrx_word' id='word_1_130' title='bbox 576 1725 648 1768; x_wconf 89' lang='lat' dir='ltr'>cura</span> <span class='ocrx_word' id='word_1_131' title='bbox 671 1725 731 1766; x_wconf 94' lang='lat' dir='ltr'>non</span> <span class='ocrx_word' id='word_1_132' title='bbox 755 1705 851 1767; x_wconf 89' lang='lat' dir='ltr'>solum</span> <span class='ocrx_word' id='word_1_133' title='bbox 875 1706 1017 1766; x_wconf 87' lang='lat' dir='ltr'>discutiet</span> <span class='ocrx_word' id='word_1_134' title='bbox 1039 1723 1178 1785; x_wconf 90' lang='lat' dir='ltr'>prorum-</span> 
     </span>
     <span class='ocr_line' id='line_1_19' title="bbox 160 1795 1178 1878; baseline 0 -20"><span class='ocrx_word' id='word_1_135' title='bbox 160 1805 266 1877; x_wconf 90' lang='lat' dir='ltr'>pentes</span> <span class='ocrx_word' id='word_1_136' title='bbox 295 1803 437 1878; x_wconf 84' lang='lat' dir='ltr'>strumas,</span> <span class='ocrx_word' id='word_1_137' title='bbox 468 1796 520 1857; x_wconf 89' lang='lat' dir='ltr'>sed</span> <span class='ocrx_word' id='word_1_138' title='bbox 548 1805 578 1856; x_wconf 89' lang='lat' dir='ltr'>et</span> <span class='ocrx_word' id='word_1_139' title='bbox 606 1803 736 1856; x_wconf 91' lang='lat' dir='ltr'>maturas</span> <span class='ocrx_word' id='word_1_140' title='bbox 759 1797 799 1878; x_wconf 88' lang='lat' dir='ltr'>ita</span> <span class='ocrx_word' id='word_1_141' title='bbox 823 1796 950 1875; x_wconf 89' lang='lat' dir='ltr'>aperiet,</span> <span class='ocrx_word' id='word_1_142' title='bbox 977 1803 1011 1854; x_wconf 94' lang='lat' dir='ltr'>ut</span> <span class='ocrx_word' id='word_1_143' title='bbox 1036 1795 1178 1858; x_wconf 92' lang='lat' dir='ltr'>omnibus</span> 
     </span>
     <span class='ocr_line' id='line_1_20' title="bbox 161 1884 1177 1964; baseline 0 -18"><span class='ocrx_word' id='word_1_144' title='bbox 161 1885 312 1946; x_wconf 91' lang='lat' dir='ltr'>radicibus</span> <span class='ocrx_word' id='word_1_145' title='bbox 336 1888 456 1964; x_wconf 90' lang='lat' dir='ltr'>penitus</span> <span class='ocrx_word' id='word_1_146' title='bbox 480 1887 621 1946; x_wconf 87' lang='lat' dir='ltr'>extractis</span> <span class='ocrx_word' id='word_1_147' title='bbox 644 1885 680 1944; x_wconf 93' lang='lat' dir='ltr'>ad</span> <span class='ocrx_word' id='word_1_148' title='bbox 704 1885 902 1945; x_wconf 86' lang='lat' dir='ltr'>certissimam</span> <span class='ocrx_word' id='word_1_149' title='bbox 926 1884 1082 1943; x_wconf 89' lang='lat' dir='ltr'>sanitatem</span> <span class='ocrx_word' id='word_1_150' title='bbox 1109 1887 1177 1946; x_wconf 90' lang='lat' dir='ltr'>sinc</span> 
     </span>
    </p>

    <p class='ocr_par' dir='ltr' id='par_1_9' title="bbox 108 1971 1221 2052">
     <span class='ocr_line' id='line_1_21' title="bbox 108 1971 1221 2052; baseline -0.007 -16"><span class='ocrx_word' id='word_1_151' title='bbox 108 1987 143 2036; x_wconf 81' lang='lat'>84</span> <span class='ocrx_word' id='word_1_152' title='bbox 162 1974 221 2036; x_wconf 90' lang='lat' dir='ltr'>ulla</span> <span class='ocrx_word' id='word_1_153' title='bbox 244 1977 432 2036; x_wconf 87' lang='lat' dir='ltr'>cunctatione</span> <span class='ocrx_word' id='word_1_154' title='bbox 456 1973 608 2052; x_wconf 89' lang='lat' dir='ltr'>perducat.</span> <span class='ocrx_word' id='word_1_155' title='bbox 645 1973 744 2052; x_wconf 82' lang='lat' dir='ltr'>Adeps</span> <span class='ocrx_word' id='word_1_156' title='bbox 768 1975 888 2051; x_wconf 90' lang='lat' dir='ltr'>caprina</span> <span class='ocrx_word' id='word_1_157' title='bbox 911 1989 978 2032; x_wconf 92' lang='lat' dir='ltr'>cum</span> <span class='ocrx_word' id='word_1_158' title='bbox 1003 1971 1083 2032; x_wconf 90' lang='lat' dir='ltr'>calce</span> <span class='ocrx_word' id='word_1_159' title='bbox 1105 1972 1176 2032; x_wconf 92' lang='lat' dir='ltr'>sub·</span> <span class='ocrx_word' id='word_1_160' title='bbox 1192 1989 1221 2028; x_wconf 83' lang='lat' dir='ltr'>so</span> 
     </span>
    </p>

    <p class='ocr_par' dir='ltr' id='par_1_10' title="bbox 107 2059 1175 2405">
     <span class='ocr_line' id='line_1_22' title="bbox 107 2059 1175 2142; baseline -0.003 -17"><span class='ocrx_word' id='word_1_161' title='bbox 107 2076 142 2126; x_wconf 82' lang='lat'>85</span> <span class='ocrx_word' id='word_1_162' title='bbox 162 2071 227 2124; x_wconf 91' lang='lat' dir='ltr'>acta</span> <span class='ocrx_word' id='word_1_163' title='bbox 250 2071 281 2124; x_wconf 92' lang='lat' dir='ltr'>et</span> <span class='ocrx_word' id='word_1_164' title='bbox 304 2063 436 2142; x_wconf 92' lang='lat' dir='ltr'>adposita</span> <span class='ocrx_word' id='word_1_165' title='bbox 460 2072 589 2122; x_wconf 88' lang='lat' dir='ltr'>strumas</span> <span class='ocrx_word' id='word_1_166' title='bbox 613 2064 713 2122; x_wconf 89' lang='lat' dir='ltr'>statim</span> <span class='ocrx_word' id='word_1_167' title='bbox 736 2060 870 2121; x_wconf 89' lang='lat' dir='ltr'>dissolvit</span> <span class='ocrx_word' id='word_1_168' title='bbox 892 2067 922 2120; x_wconf 90' lang='lat' dir='ltr'>et</span> <span class='ocrx_word' id='word_1_169' title='bbox 941 2067 1032 2120; x_wconf 90' lang='lat' dir='ltr'>sanat.</span> <span class='ocrx_word' id='word_1_170' title='bbox 1069 2059 1175 2139; x_wconf 93' lang='lat' dir='ltr'>Lupus</span> 
     </span>
     <span class='ocr_line' id='line_1_23' title="bbox 162 2148 1175 2232; baseline -0.002 -20"><span class='ocrx_word' id='word_1_171' title='bbox 162 2154 303 2232; x_wconf 79' lang='lat' dir='ltr'>marinna,</span> <span class='ocrx_word' id='word_1_172' title='bbox 326 2151 356 2212; x_wconf 96' lang='lat' dir='ltr'>id</span> <span class='ocrx_word' id='word_1_173' title='bbox 380 2158 426 2211; x_wconf 90' lang='lat' dir='ltr'>est</span> <span class='ocrx_word' id='word_1_174' title='bbox 444 2152 545 2230; x_wconf 92' lang='lat' dir='ltr'>piscis,</span> <span class='ocrx_word' id='word_1_175' title='bbox 568 2157 666 2210; x_wconf 89' lang='lat' dir='ltr'>tantae</span> <span class='ocrx_word' id='word_1_176' title='bbox 685 2150 833 2210; x_wconf 85' lang='lat' dir='ltr'>efficaciae</span> <span class='ocrx_word' id='word_1_177' title='bbox 853 2155 899 2208; x_wconf 90' lang='lat' dir='ltr'>cst</span> <span class='ocrx_word' id='word_1_178' title='bbox 917 2148 1074 2208; x_wconf 83' lang='lat' dir='ltr'>adversum</span> <span class='ocrx_word' id='word_1_179' title='bbox 1094 2157 1175 2210; x_wconf 89' lang='lat' dir='ltr'>stru-</span> 
     </span>
     <span class='ocr_line' id='line_1_24' title="bbox 161 2237 1174 2320; baseline -0.001 -20"><span class='ocrx_word' id='word_1_180' title='bbox 161 2259 233 2320; x_wconf 90' lang='lat' dir='ltr'>mas,</span> <span class='ocrx_word' id='word_1_181' title='bbox 258 2249 290 2300; x_wconf 93' lang='lat' dir='ltr'>ut</span> <span class='ocrx_word' id='word_1_182' title='bbox 313 2239 348 2300; x_wconf 90' lang='lat' dir='ltr'>ad</span> <span class='ocrx_word' id='word_1_183' title='bbox 369 2237 530 2318; x_wconf 88' lang='lat' dir='ltr'>quamlibet</span> <span class='ocrx_word' id='word_1_184' title='bbox 548 2245 662 2317; x_wconf 90' lang='lat' dir='ltr'>partem</span> <span class='ocrx_word' id='word_1_185' title='bbox 681 2239 816 2316; x_wconf 90' lang='lat' dir='ltr'>corporis</span> <span class='ocrx_word' id='word_1_186' title='bbox 835 2237 971 2297; x_wconf 90' lang='lat' dir='ltr'>admotus</span> <span class='ocrx_word' id='word_1_187' title='bbox 990 2245 1174 2299; x_wconf 90' lang='lat' dir='ltr'>strumarum</span> 
     </span>
     <span class='ocr_line' id='line_1_25' title="bbox 161 2329 547 2405; baseline -0.005 -17"><span class='ocrx_word' id='word_1_188' title='bbox 161 2329 266 2388; x_wconf 79' lang='lat' dir='ltr'>vitium</span> <span class='ocrx_word' id='word_1_189' title='bbox 290 2346 377 2388; x_wconf 91' lang='lat' dir='ltr'>omne</span> <span class='ocrx_word' id='word_1_190' title='bbox 400 2334 547 2405; x_wconf 83' lang='lat' dir='ltr'>personet.</span> 
     </span>
    </p>

    <p class='ocr_par' dir='ltr' id='par_1_11' title="bbox 108 2412 1217 2848">
     <span class='ocr_line' id='line_1_26' title="bbox 108 2412 1217 2494; baseline -0.003 -16"><span class='ocrx_word' id='word_1_191' title='bbox 108 2429 142 2478; x_wconf 84' lang='grc'>88</span> <span class='ocrx_word' id='word_1_192' title='bbox 250 2416 399 2476; x_wconf 79' lang='lat' dir='ltr'>Adversus</span> <span class='ocrx_word' id='word_1_193' title='bbox 422 2415 594 2492; x_wconf 84' lang='lat' dir='ltr'>languorem</span> <span class='ocrx_word' id='word_1_194' title='bbox 618 2415 715 2476; x_wconf 87' lang='lat' dir='ltr'>locani</span> <span class='ocrx_word' id='word_1_195' title='bbox 738 2423 894 2494; x_wconf 83' lang='lat' dir='ltr'>expertum</span> <span class='ocrx_word' id='word_1_196' title='bbox 913 2412 1096 2474; x_wconf 89' lang='lat' dir='ltr'>medicamen</span> <span class='ocrx_word' id='word_1_197' title='bbox 1114 2413 1174 2476; x_wconf 93' lang='lat' dir='ltr'>hoc</span> <span class='ocrx_word' id='word_1_198' title='bbox 1189 2429 1217 2470; x_wconf 77' lang='lat'>25</span> 
     </span>
     <span class='ocr_line' id='line_1_27' title="bbox 162 2501 1176 2583; baseline 0 -19"><span class='ocrx_word' id='word_1_199' title='bbox 162 2505 268 2564; x_wconf 86' lang='lat' dir='ltr'>iacies:</span> <span class='ocrx_word' id='word_1_200' title='bbox 293 2503 409 2582; x_wconf 90' lang='lat' dir='ltr'>Piperis</span> <span class='ocrx_word' id='word_1_201' title='bbox 432 2502 490 2562; x_wconf 90' lang='lat' dir='ltr'>albi</span> <span class='ocrx_word' id='word_1_202' title='bbox 516 2535 554 2546; x_wconf 88' lang='lat'><em>-</em></span> <span class='ocrx_word' id='word_1_203' title='bbox 575 2503 601 2583; x_wconf 88' lang='lat' dir='ltr'>I,</span> <span class='ocrx_word' id='word_1_204' title='bbox 624 2521 769 2582; x_wconf 91' lang='lat' dir='ltr'>naporum</span> <span class='ocrx_word' id='word_1_205' title='bbox 793 2503 915 2562; x_wconf 87' lang='lat' dir='ltr'>seminis</span> <span class='ocrx_word' id='word_1_206' title='bbox 939 2501 1063 2574; x_wconf 86' lang='lat' dir='ltr'>-llll,</span> <span class='ocrx_word' id='word_1_207' title='bbox 1087 2511 1176 2564; x_wconf 88' lang='lat' dir='ltr'>rutae</span> 
     </span>
     <span class='ocr_line' id='line_1_28' title="bbox 161 2582 1176 2678; baseline -0.003 -26"><span class='ocrx_word' id='word_1_208' title='bbox 161 2591 264 2652; x_wconf 87' lang='lat' dir='ltr'>viridis</span> <span class='ocrx_word' id='word_1_209' title='bbox 285 2584 324 2678; x_wconf 55' lang='lat'>9·</span> <span class='ocrx_word' id='word_1_210' title='bbox 343 2591 389 2672; x_wconf 92' lang='lat' dir='ltr'>Vl,</span> <span class='ocrx_word' id='word_1_211' title='bbox 412 2590 542 2652; x_wconf 89' lang='lat' dir='ltr'>absinthi</span> <span class='ocrx_word' id='word_1_212' title='bbox 565 2591 668 2652; x_wconf 86' lang='lat' dir='ltr'>Gallici</span> <span class='ocrx_word' id='word_1_213' title='bbox 690 2585 729 2678; x_wconf 50' lang='grc' dir='ltr'>,β</span> <span class='ocrx_word' id='word_1_214' title='bbox 749 2591 795 2671; x_wconf 91' lang='lat' dir='ltr'>Vl,</span> <span class='ocrx_word' id='word_1_215' title='bbox 817 2590 922 2650; x_wconf 89' lang='lat' dir='ltr'>laseris</span> <span class='ocrx_word' id='word_1_216' title='bbox 943 2591 1048 2668; x_wconf 88' lang='lat' dir='ltr'>optimi</span> <span class='ocrx_word' id='word_1_217' title='bbox 1068 2582 1108 2675; x_wconf 62' lang='lat'>,2</span> <span class='ocrx_word' id='word_1_218' title='bbox 1127 2589 1176 2673; x_wconf 86' lang='lat' dir='ltr'>Vl,</span> 
     </span>
     <span class='ocr_line' id='line_1_29' title="bbox 162 2679 1175 2759; baseline 0.002 -19"><span class='ocrx_word' id='word_1_219' title='bbox 162 2679 257 2741; x_wconf 90' lang='lat' dir='ltr'>mellis</span> <span class='ocrx_word' id='word_1_220' title='bbox 277 2682 381 2759; x_wconf 91' lang='lat' dir='ltr'>optimi</span> <span class='ocrx_word' id='word_1_221' title='bbox 399 2683 570 2741; x_wconf 89' lang='lat' dir='ltr'>sextarium.</span> <span class='ocrx_word' id='word_1_222' title='bbox 610 2679 662 2740; x_wconf 90' lang='lat' dir='ltr'>His</span> <span class='ocrx_word' id='word_1_223' title='bbox 681 2682 761 2740; x_wconf 89' lang='lat' dir='ltr'>tritis</span> <span class='ocrx_word' id='word_1_224' title='bbox 780 2680 1006 2756; x_wconf 83' lang='lat' dir='ltr'>commixtisque</span> <span class='ocrx_word' id='word_1_225' title='bbox 1030 2679 1060 2737; x_wconf 90' lang='lat' dir='ltr'>in</span> <span class='ocrx_word' id='word_1_226' title='bbox 1081 2697 1175 2742; x_wconf 83' lang='lat' dir='ltr'>rrnum</span> 
     </span>
     <span class='ocr_line' id='line_1_30' title="bbox 162 2765 1176 2848; baseline -0.001 -18"><span class='ocrx_word' id='word_1_227' title='bbox 162 2769 335 2830; x_wconf 88' lang='lat' dir='ltr'>cocliarium</span> <span class='ocrx_word' id='word_1_228' title='bbox 357 2767 479 2848; x_wconf 89' lang='lat' dir='ltr'>plenum</span> <span class='ocrx_word' id='word_1_229' title='bbox 502 2767 586 2829; x_wconf 89' lang='lat' dir='ltr'>dabis</span> <span class='ocrx_word' id='word_1_230' title='bbox 609 2771 708 2830; x_wconf 91' lang='lat' dir='ltr'>ieiuno</span> <span class='ocrx_word' id='word_1_231' title='bbox 732 2767 895 2828; x_wconf 87' lang='lat' dir='ltr'>vorandum</span> <span class='ocrx_word' id='word_1_232' title='bbox 914 2765 961 2826; x_wconf 85' lang='lat' dir='ltr'>vel</span> <span class='ocrx_word' id='word_1_233' title='bbox 984 2767 1085 2826; x_wconf 87' lang='lat' dir='ltr'>lauces</span> <span class='ocrx_word' id='word_1_234' title='bbox 1104 2769 1176 2829; x_wconf 92' lang='lat' dir='ltr'>inde</span> 
     </span>
    </p>

    <p class='ocr_par' dir='ltr' id='par_1_12' title="bbox 109 2855 1219 3293">
     <span class='ocr_line' id='line_1_31' title="bbox 109 2855 1219 2936; baseline -0.008 -16"><span class='ocrx_word' id='word_1_235' title='bbox 109 2871 142 2920; x_wconf 76' lang='lat'>8⁷</span> <span class='ocrx_word' id='word_1_236' title='bbox 163 2859 325 2936; x_wconf 80' lang='lat' dir='ltr'>continges.</span> <span class='ocrx_word' id='word_1_237' title='bbox 356 2859 424 2936; x_wconf 80' lang='lat' dir='ltr'>Apii</span> <span class='ocrx_word' id='word_1_238' title='bbox 442 2859 563 2918; x_wconf 89' lang='lat' dir='ltr'>seminis</span> <span class='ocrx_word' id='word_1_239' title='bbox 583 2865 725 2936; x_wconf 91' lang='lat' dir='ltr'>quantum</span> <span class='ocrx_word' id='word_1_240' title='bbox 745 2857 842 2917; x_wconf 91' lang='lat' dir='ltr'>tribus</span> <span class='ocrx_word' id='word_1_241' title='bbox 861 2857 961 2934; x_wconf 83' lang='lat' dir='ltr'>digitis</span> <span class='ocrx_word' id='word_1_242' title='bbox 980 2855 1176 2934; x_wconf 87' lang='lat' dir='ltr'>comprehcn-</span> <span class='ocrx_word' id='word_1_243' title='bbox 1191 2871 1219 2911; x_wconf 86' lang='lat' dir='ltr'>eo</span> 
     </span>
     <span class='ocr_line' id='line_1_32' title="bbox 163 2944 1175 3030; baseline -0.001 -24"><span class='ocrx_word' id='word_1_244' title='bbox 163 2946 224 3030; x_wconf 87' lang='lat' dir='ltr'>das,</span> <span class='ocrx_word' id='word_1_245' title='bbox 247 2947 421 3007; x_wconf 92' lang='lat' dir='ltr'>tantundem</span> <span class='ocrx_word' id='word_1_246' title='bbox 445 2953 475 3006; x_wconf 91' lang='lat' dir='ltr'>et</span> <span class='ocrx_word' id='word_1_247' title='bbox 494 2945 563 3006; x_wconf 91' lang='lat' dir='ltr'>salis</span> <span class='ocrx_word' id='word_1_248' title='bbox 587 2953 617 3006; x_wconf 91' lang='lat' dir='ltr'>et</span> <span class='ocrx_word' id='word_1_249' title='bbox 636 2948 753 3024; x_wconf 90' lang='lat' dir='ltr'>senapis</span> <span class='ocrx_word' id='word_1_250' title='bbox 772 2945 963 3005; x_wconf 81' lang='lat' dir='ltr'>Alexandrini</span> <span class='ocrx_word' id='word_1_251' title='bbox 981 2944 1100 3025; x_wconf 74' lang='lat' dir='ltr'>adicieS,</span> <span class='ocrx_word' id='word_1_252' title='bbox 1125 2963 1175 3006; x_wconf 91' lang='lat' dir='ltr'>ru-</span> 
     </span>
     <span class='ocr_line' id='line_1_33' title="bbox 162 3032 1175 3115; baseline 0 -20"><span class='ocrx_word' id='word_1_253' title='bbox 162 3043 209 3095; x_wconf 90' lang='lat' dir='ltr'>tae</span> <span class='ocrx_word' id='word_1_254' title='bbox 234 3053 352 3115; x_wconf 88' lang='lat' dir='ltr'>quoque</span> <span class='ocrx_word' id='word_1_255' title='bbox 376 3035 479 3094; x_wconf 90' lang='lat' dir='ltr'>viridis</span> <span class='ocrx_word' id='word_1_256' title='bbox 502 3035 642 3114; x_wconf 91' lang='lat' dir='ltr'>pusillum</span> <span class='ocrx_word' id='word_1_257' title='bbox 667 3035 757 3095; x_wconf 89' lang='lat' dir='ltr'>addes</span> <span class='ocrx_word' id='word_1_258' title='bbox 781 3042 810 3094; x_wconf 92' lang='lat' dir='ltr'>et</span> <span class='ocrx_word' id='word_1_259' title='bbox 833 3033 889 3092; x_wconf 89' lang='lat' dir='ltr'>alei</span> <span class='ocrx_word' id='word_1_260' title='bbox 908 3034 1006 3110; x_wconf 90' lang='lat' dir='ltr'>spicas</span> <span class='ocrx_word' id='word_1_261' title='bbox 1025 3032 1056 3094; x_wconf 93' lang='lat' dir='ltr'>V.</span> <span class='ocrx_word' id='word_1_262' title='bbox 1094 3032 1175 3095; x_wconf 87' lang='lat' dir='ltr'>llaec</span> 
     </span>
     <span class='ocr_line' id='line_1_34' title="bbox 163 3121 1176 3204; baseline 0 -20"><span class='ocrx_word' id='word_1_263' title='bbox 163 3133 243 3185; x_wconf 90' lang='lat' dir='ltr'>teres</span> <span class='ocrx_word' id='word_1_264' title='bbox 267 3123 424 3204; x_wconf 85' lang='lat' dir='ltr'>diligenter</span> <span class='ocrx_word' id='word_1_265' title='bbox 444 3131 475 3184; x_wconf 88' lang='lat' dir='ltr'>ct</span> <span class='ocrx_word' id='word_1_266' title='bbox 492 3124 636 3202; x_wconf 84' lang='lat' dir='ltr'>adiunges</span> <span class='ocrx_word' id='word_1_267' title='bbox 654 3126 731 3185; x_wconf 90' lang='lat' dir='ltr'>aceti</span> <span class='ocrx_word' id='word_1_268' title='bbox 749 3122 819 3183; x_wconf 89' lang='lat' dir='ltr'>boni</span> <span class='ocrx_word' id='word_1_269' title='bbox 838 3123 1022 3200; x_wconf 88' lang='lat' dir='ltr'>quartarium</span> <span class='ocrx_word' id='word_1_270' title='bbox 1041 3129 1071 3182; x_wconf 91' lang='lat' dir='ltr'>et</span> <span class='ocrx_word' id='word_1_271' title='bbox 1089 3121 1176 3184; x_wconf 89' lang='lat' dir='ltr'>dabis</span> 
     </span>
     <span class='ocr_line' id='line_1_35' title="bbox 162 3209 1176 3293; baseline -0.002 -20"><span class='ocrx_word' id='word_1_272' title='bbox 162 3212 266 3275; x_wconf 89' lang='lat' dir='ltr'>bibere</span> <span class='ocrx_word' id='word_1_273' title='bbox 290 3231 325 3274; x_wconf 87' lang='lat' dir='ltr'>ex</span> <span class='ocrx_word' id='word_1_274' title='bbox 349 3231 425 3293; x_wconf 91' lang='lat' dir='ltr'>aqua</span> <span class='ocrx_word' id='word_1_275' title='bbox 447 3212 554 3292; x_wconf 89' lang='lat' dir='ltr'>calida,</span> <span class='ocrx_word' id='word_1_276' title='bbox 577 3215 684 3274; x_wconf 89' lang='lat' dir='ltr'>silam</span> <span class='ocrx_word' id='word_1_277' title='bbox 707 3231 761 3292; x_wconf 93' lang='lat' dir='ltr'>per</span> <span class='ocrx_word' id='word_1_278' title='bbox 784 3209 916 3270; x_wconf 90' lang='lat' dir='ltr'>dolorem</span> <span class='ocrx_word' id='word_1_279' title='bbox 939 3209 1069 3271; x_wconf 85' lang='lat' dir='ltr'>faucium</span> <span class='ocrx_word' id='word_1_280' title='bbox 1092 3229 1176 3272; x_wconf 93' lang='lat' dir='ltr'>man·</span> 
     </span>
    </p>

    <p class='ocr_par' dir='ltr' id='par_1_13' title="bbox 110 3298 1220 3382">
     <span class='ocr_line' id='line_1_36' title="bbox 110 3298 1220 3382; baseline -0.006 -19"><span class='ocrx_word' id='word_1_281' title='bbox 110 3315 144 3363; x_wconf 91' lang='lat'>88</span> <span class='ocrx_word' id='word_1_282' title='bbox 163 3303 273 3364; x_wconf 91' lang='lat' dir='ltr'>ducare</span> <span class='ocrx_word' id='word_1_283' title='bbox 297 3320 356 3363; x_wconf 92' lang='lat' dir='ltr'>non</span> <span class='ocrx_word' id='word_1_284' title='bbox 380 3304 497 3382; x_wconf 87' lang='lat' dir='ltr'>poterit.</span> <span class='ocrx_word' id='word_1_285' title='bbox 543 3301 646 3381; x_wconf 77' lang='lat' dir='ltr'>turpis</span> <span class='ocrx_word' id='word_1_286' title='bbox 668 3302 778 3362; x_wconf 84' lang='lat' dir='ltr'>veteris</span> <span class='ocrx_word' id='word_1_287' title='bbox 802 3332 843 3342; x_wconf 97' lang='lat'>-</span> <span class='ocrx_word' id='word_1_288' title='bbox 863 3298 884 3378; x_wconf 93' lang='lat' dir='ltr'>l,</span> <span class='ocrx_word' id='word_1_289' title='bbox 909 3301 987 3358; x_wconf 92' lang='lat' dir='ltr'>turis</span> <span class='ocrx_word' id='word_1_290' title='bbox 1010 3316 1101 3376; x_wconf 83' lang='lat' dir='ltr'>grana</span> <span class='ocrx_word' id='word_1_291' title='bbox 1124 3299 1220 3382; x_wconf 81' lang='lat' dir='ltr'>lll,ae</span> 
     </span>
    </p>
   </div>
   <div class='ocr_carea' id='block_1_3' title="bbox 235 3489 715 3565">
    <p class='ocr_par' dir='ltr' id='par_1_14' title="bbox 235 3489 715 3565">
     <span class='ocr_line' id='line_1_37' title="bbox 235 3489 715 3565; baseline -0.002 -19"><span class='ocrx_word' id='word_1_292' title='bbox 235 3498 268 3546; x_wconf 78' lang='lat'>85</span> <span class='ocrx_word' id='word_1_293' title='bbox 287 3491 394 3565; x_wconf 82' lang='lat' dir='ltr'>focani]</span> <span class='ocrx_word' id='word_1_294' title='bbox 412 3491 536 3547; x_wconf 83' lang='lat' dir='ltr'>faucium</span> <span class='ocrx_word' id='word_1_295' title='bbox 556 3489 715 3548; x_wconf 76' lang='lat' dir='ltr'>Carnarius.</span> 
     </span>
    </p>
   </div>
   <div class='ocr_carea' id='block_1_4' title="bbox 0 0 1286 3794">
    <p class='ocr_par' dir='ltr' id='par_1_15' title="bbox 0 0 1286 3794">
     <span class='ocr_line' id='line_1_38' title="bbox 0 0 1286 3794; baseline 0 0"><span class='ocrx_word' id='word_1_296' title='bbox 0 0 1286 3794; x_wconf 95' lang='lat' dir='ltr'> </span> 
     </span>
    </p>
   </div>
  </div>
 </body>
</html>
