2542 3796
477 178 520 188 --
551 107 633 206 '175
678 178 720 188 -

88 303 207 383 itidem3
231 303 363 362 omnium
387 304 555 380 specierum
578 322 666 382 pares
689 323 845 366 mensuras
864 315 928 367 tere
947 307 1104 387 diligenter

89 393 173 452 etin
196 390 350 470 pulverem
373 392 583 453 tenuissimum
606 393 707 472 redige
736 401 824 474 atque
853 413 888 455 ex
912 397 979 456 vino
1003 404 1103 457 vetere

89 479 195 558 collige
222 478 310 558 paulo
338 481 482 560 crassius,
512 499 599 558 quam
624 482 787 560 spissitudo
811 485 850 544 sit
873 483 982 566 mellis3
1008 503 1043 545 ex
1067 504 1103 546 eo

88 568 304 628 medicamento
337 567 373 628 ad
406 585 575 630 mensuram
608 571 772 652 victoriati,
806 572 837 632 id
870 580 916 633 est
948 573 1102 634 dimidium

62 656 260 736 adrachmae,
288 655 372 716 dabis
400 665 521 735 ruptum
546 664 576 724 et
598 659 750 720 infirmum
775 662 959 722 stomachum
982 661 1104 722 habenti

88 747 119 805 iu
139 744 236 806 tribus
259 744 372 824 cyathis
391 763 484 823 aquae
503 743 615 806 calidae
635 750 716 808 eunti
733 748 907 830 dormitum3
925 749 1104 811 beneficium

88 833 214 894 remedii
242 835 336 911 prima
365 835 464 893 statim
492 837 614 913 potione
645 838 785 917 sentitur,
818 838 948 899 secunda
976 839 1103 900 incredi-

88 921 157 982 bilis
180 921 333 1000 proiectus
357 929 415 1002 est,
442 925 530 984 tertia
559 926 675 985 curatio
703 926 800 985 omnis
822 928 1029 1004 potentissime
1053 945 1102 987 ex·

88 1010 224 1088 plicatur.
260 1009 355 1070 Ovum
373 1012 524 1072 incoctum
544 1013 575 1072 in
594 1012 686 1074 calice
705 1013 880 1075 defunditur
898 1023 928 1075 et
942 1023 1017 1075 testa
1038 1017 1102 1076 eius
1121 1027 1155 1076 33

48 1115 75 1154 ιο
89 1117 162 1160 3333
190 1098 336 1159 marrubii
366 1099 507 1178 impletur
537 1107 567 1160 et
593 1103 625 1160 in
654 1104 720 1180 ipso
748 1101 839 1164 calice
868 1103 1041 1164 defunditur
1074 1113 1104 1164 et

89 1187 185 1248 mellis
213 1189 317 1266 optimi
350 1187 518 1267 despumati
549 1190 738 1272 tantundem3
771 1192 868 1265 omnia
900 1191 974 1252 baec
1006 1193 1036 1252 in
1070 1210 1102 1252 se

87 1277 309 1355 permiscentur
336 1293 370 1336 ac
398 1277 544 1356 tepefacta
571 1277 764 1360 hauriuntur3
791 1281 867 1340 miro
895 1280 982 1341 modo
1010 1281 1103 1340 vomi·

88 1383 137 1424 333
161 1371 306 1442 rumpunt
329 1373 359 1425 et
382 1365 418 1425 ad
442 1367 598 1426 sanitatem
621 1365 803 1428 laborantem
828 1369 1012 1430 stomachum
1035 1387 1102 1448 per·

88 1453 209 1513 ducunt.
255 1452 287 1512 ln
316 1471 370 1513 ovo
394 1453 497 1514 sorbili
520 1457 656 1516 cimicem
682 1474 773 1516 unum
797 1459 960 1517 contritum
982 1459 1157 1518 1313133334

48 1556 75 1596 15
90 1543 231 1620 ignorans
266 1543 317 1620 qui
350 1541 484 1623 sorbeat,
516 1543 633 1604 desinet
664 1562 800 1626 vomere,
836 1544 893 1606 hoc
930 1563 1017 1625 saepe
1054 1564 1102 1606 ex-

87 1637 305 1708 pertumest.1

178 1716 349 1797 Conpositio
372 1719 575 1779 medicaminis
599 1720 635 1780 ad
658 1723 767 1780 arteria
789 1721 918 1781 sananda
941 1723 998 1781 sic:
1022 1720 1103 1782 Cesti
1121 1733 1156 1782 33

90 1799 188 1892 2111,
204 1809 301 1885 spicae
316 1807 403 1868 nardi
416 1799 516 1892 pur,
531 1809 643 1886 piperis
658 1801 757 1894 2111,
771 1809 879 1869 radicis
893 1807 996 1888 lappae
1011 1811 1097 1869 meio·

88 1897 140 1976 ris,
153 1894 184 1954 id
199 1902 245 1956 est
258 1894 368 1956 herbae
383 1913 581 1976 personaceae
592 1889 632 1982 ᾇ
642 1895 690 1958 Ill.
714 1897 793 1957 llaec
808 1899 905 1958 omnia
920 1897 1007 1958 simul
1022 1905 1101 1958 teres

48 1998 75 2038 20
89 1991 119 2044 et
136 1984 236 2044 ieiuno
256 1985 287 2044 in
306 1982 411 2044 balneo
431 2002 466 2044 ex
486 1986 553 2045 vino
572 1985 697 2045 candido
715 1984 842 2046 bibenda
856 1986 993 2064 protinus
1008 1985 1100 2047 dabis

88 2071 204 2132 Herbae
231 2074 397 2134 vettonicae
425 2071 494 2133 13113
522 2073 650 2134 arelacta
673 2082 797 2134 contusa
821 2073 1010 2153 cribrataque
1033 2093 1100 2153 pro·
1120 2086 1155 2136 33

89 2169 159 2221 3333
177 2162 359 2242 suspiriosis,
378 2163 403 2224 31
422 2179 457 2222 ex
477 2180 512 2222 eo
530 2161 653 2241 pulvere
672 2161 808 2223 cocliaria
828 2162 943 2242 singula
958 2181 994 2222 ex
1009 2181 1101 2242 aquae

89 2249 200 2310 calidae
221 2249 336 2329 cyathis
359 2249 477 2311 duobus
499 2252 592 2312 ieiuni
614 2253 782 2312 interiectis
805 2250 919 2333 diebus,
943 2251 1038 2313 donec
1057 2271 1100 2312 sa·

88 2346 208 2419 nentur,
230 2336 369 2399 biberint.
401 2339 492 2421 Aqua,
516 2357 592 2418 3333
615 2341 647 2400 13
670 2339 810 2401 arborum
829 2339 943 2401 lacunis
961 2342 1100 2420 cavisque
1119 2352 1155 2402 37

10 2447 11 2484 3
48 2440 74 2482 33
89 2425 252 2487 corticibus
271 2429 435 2489 consistere
458 2429 622 2510 cousuevit,
645 2431 810 2508 suspirioso
833 2430 918 2508 potui
938 2429 1005 2490 deta
1025 2428 1100 2490 cele-

10 2515 11 2586 1
88 2517 162 2576 riter
186 2533 255 2576 eum
278 2514 394 2576 sanabit
416 2523 505 2595 atque
529 2518 610 2577 omni
632 2517 766 2596 periculo
791 2517 942 2598 liberabit,
970 2520 996 2578 si
1024 2518 1100 2579 adsi·

10 2587 12 2670 l
88 2603 146 2664 133
169 2602 216 2664 vel
239 2605 302 2682 ipsa
325 2621 400 2684 pura
425 2605 517 2666 calida
541 2605 587 2666 vel
610 2607 701 2666 mixta
724 2615 853 2686 potetur.

10 2671 12 2776 l
178 2691 264 2753 Sitim
289 2692 450 2771 quamlibet
473 2693 626 2754 molestam
649 2697 808 2776 reprimes,
839 2697 865 2756 si
892 2713 998 2775 aquam
1026 2699 1099 2775 tepi·
1118 2708 1156 2758 33

10 2781 12 2864 l
88 2780 155 2841 dam
183 2798 252 2841 cum
279 2780 344 2842 oleo
372 2783 549 2860 permixtam
577 2782 690 2844 biberis
718 2792 748 2844 et
778 2787 1100 2865 33331333333133313,

10 2873 14 3028 3
49 2869 247 2948 eodenmque
266 2871 293 2929 31
311 2888 434 2930 3333333
452 2870 544 2931 luerit
561 2871 590 2931 id
606 2871 706 2953 facies,
724 2890 783 2951 quo
798 2872 875 2933 lacto
890 2874 955 2932 sitis
974 2875 1099 2932 maxima

89 2960 285 3019 consenescit.
331 2957 490 3020 Gallinacei
518 2961 565 3020 ori
591 2959 724 3021 vitellum
754 2963 947 3022 semicoctum
975 2959 1099 3040 oleoque
1119 2972 1156 3022 33

88 3048 268 3125 permixtum
289 3048 314 3107 31
333 3049 401 3126 3313
419 3047 547 3128 sorbeat,
566 3050 649 3110 sitire
664 3049 789 3110 desinet.
819 3047 958 3129 Lapidem
973 3048 1010 3109 de
1024 3067 1098 3128 3333
1118 3061 1156 3112 43

89 3135 209 3196 fontana
232 3134 381 3197 subletum
405 3138 503 3198 statim
527 3136 705 3217 sublingua
728 3156 806 3217 pone
830 3145 860 3198 et
880 3136 940 3197 illic
959 3135 1099 3216 aliquam-

89 3223 139 3284 diu
159 3232 237 3306 tene,
256 3226 339 3285 sitire
359 3224 486 3287 desines.
517 3225 723 3306 Glycyrrhizae
738 3225 891 3288 surculum
905 3243 1028 3305 parvum
1043 3225 1099 3286 sub
1117 3237 1152 3286 43

178 3435 212 3484 10
230 3429 293 3500 ipso
313 3431 431 3487 calicem
450 3433 517 3502 (sic).
571 3437 603 3487 1'1
622 3433 753 3489 arteriam
768 3431 921 3488 serendam
938 3431 1101 3487 0333333133.

88 3507 123 3556 20
142 3501 264 3558 cannito.
338 3509 372 3558 29
391 3503 522 3561 vomeris.
594 3509 628 3558 34
647 3504 810 3574 glycerizae.
