2636 3790
499 139 715 204 „35-

99 303 262 363 efficaciter
289 303 395 380 capitis
422 299 564 361 dolorem.
606 299 692 360 Porri
720 304 823 362 sectivi
848 319 951 363 sucum
976 301 1113 364 cocliaria
1131 315 1165 364 66
1219 331 1223 338 ·

98 393 156 452 dua
181 400 212 450 et
236 408 328 451 unum
352 388 449 450 mellis
467 391 612 468 permixte
632 391 711 452 ituro
731 389 892 452 dormitum
911 389 956 451 vel
976 393 1113 453 lunares

98 480 143 541 vel
168 483 200 540 in
224 478 387 540 auriculam
410 478 544 557 tepidum
567 478 700 558 infunde,
724 481 822 540 statim
846 479 988 558 proderit.
1025 479 1111 542 Polli·
1131 492 1165 543 6ο

97 587 166 630 nem
191 567 317 646 siliginis
341 567 470 628 admixto
489 571 537 628 ovi
555 567 621 628 albo
641 578 670 628 et
689 569 841 646 quippiam
861 567 930 628 salis
948 569 1111 630 confricato

72 677 83 715 6
97 669 126 719 66
138 659 233 718 fronti
246 657 364 717 inlinito
379 663 409 717 et
423 657 514 717 fascia
529 657 718 737 superligato,
732 655 867 717 mirabile
882 664 935 717 est.
955 657 1112 740 66661666,
1130 671 1163 720 61

96 751 136 808 166
165 755 200 808 ut
223 745 260 806 de
287 745 375 805 horto
403 745 560 806 collectum
590 745 693 825 luerit,
722 745 901 825 decoquitur
928 763 963 806 ex
993 745 1058 805 oleo
1081 753 1112 806 et

97 854 190 897 sucus
214 837 279 895 eius
303 835 393 912 capiti
416 834 592 894 infunditur.
630 834 662 893 Si
681 834 717 894 de
737 837 843 913 capitis
862 833 963 895 dolore
982 833 1112 895 diiiicilis
1130 847 1164 898 66

96 941 222 985 somnus
246 925 293 1003 sit,
317 922 501 1002 amygdalino
520 921 584 982 olco
604 931 694 1001 caput
712 924 840 1002 perungi
858 930 985 1002 oportet.
1024 921 1055 982 Si
1074 922 1111 984 de

97 1013 158 1074 sole
184 1021 274 1090 capnt
297 1011 407 1091 doleat,
438 1013 574 1091 cupressi
597 1010 666 1071 lolia
689 1013 816 1072 contrita
840 1029 909 1073 cnm
932 1010 1050 1090 polenta
1074 1011 1111 1073 de

59 1122 82 1160 6
95 1101 210 1162 hordeo
235 1100 279 1160 vel
303 1099 463 1179 amygdalis
487 1107 517 1160 et
540 1117 612 1160 suco
635 1099 805 1178 portulacae
825 1100 916 1162 ironti
934 1100 1109 1162 inlinuntur.

94 1190 249 1269 Magnetes
272 1188 360 1268 lapis,
384 1191 435 1268 qui
459 1188 637 1268 antiphyson
661 1187 784 1271 dicitur,
807 1192 859 1268 qui
882 1189 996 1250 ferrum
1019 1189 1110 1252 trahit
1129 1203 1163 1252 66

95 1290 125 1340 66
148 1279 250 1356 abicit,
274 1289 304 1338 et
327 1286 478 1356 magnetes
502 1277 585 1356 lapis,
609 1279 660 1357 qui
683 1280 856 1357 sanguinem
876 1280 985 1340 emittit
1003 1286 1034 1340 ct
1053 1279 1110 1340 ier·

93 1387 163 1429 rum
188 1367 225 1426 ad
250 1384 281 1427 se
305 1365 405 1441 trabit,
428 1366 503 1427 collo
527 1365 638 1445 alligati
661 1373 712 1426 aut
734 1369 813 1427 circa
837 1375 926 1448 caput
949 1366 1045 1428 dolori
1063 1385 1110 1428 ca·

94 1459 168 1537 pitis
197 1455 363 1516 medentur.
409 1454 573 1534 Expertum
598 1463 643 1516 est
666 1454 739 1515 mihi
762 1454 894 1534 puleium
917 1457 948 1517 in
972 1455 1037 1517 oleo
1061 1474 1109 1518 co·
1128 1468 1163 1516 64

54 1564 79 1605 1⁵
94 1563 191 1626 quere
215 1562 309 1623 eoque
336 1544 516 1605 1666666166
542 1551 675 1622 tempora
698 1553 728 1604 et
751 1544 909 1606 cerebrum
933 1562 1109 1624 perungere.

94 1633 237 1695 Glebulas
255 1633 292 1693 de
311 1633 412 1693 limine
430 1632 477 1694 vel
495 1634 561 1712 ipso
580 1633 700 1694 cardine
720 1650 819 1693 erasas
839 1651 908 1694 cum
922 1641 1006 1693 aceto
1021 1631 1110 1692 simul
1128 1644 1162 1693 66

93 1724 244 1803 permisce
268 1739 363 1801 eoque
386 1720 448 1782 luto
473 1721 600 1782 frontem
624 1721 729 1800 iulius,
758 1739 817 1800 quo
840 1729 930 1799 caput
953 1720 1109 1781 confestim

93 1813 272 1891 gravissimo
300 1810 401 1871 dolore
429 1809 583 1871 relevabis.
634 1809 727 1870 Terra
755 1809 819 1869 viva
847 1811 877 1869 in
906 1827 993 1870 ovum
1022 1810 1108 1869 inane
1128 1821 1162 1871 66

94 1902 233 1961 coniecta
259 1907 301 1960 et·
314 1898 370 1960 sub
389 1898 498 1960 lectum
522 1899 558 1960 ad
582 1907 672 1977 caput
694 1897 846 1959 conlocata
873 1899 960 1958 unice
979 1896 1108 1976 prodest.

51 2008 78 2049 eo
92 1989 160 2050 Duo
190 1987 258 2048 lolia
281 1988 357 2048 lauri
384 1990 560 2048 circumcisa
588 1985 764 2048 rotundabis
793 1987 951 2064 resinaque
979 1984 1161 2048 terebinti

92 2079 179 2139 thina
203 2075 363 2155 glutinabis
387 2085 417 2137 et
440 2078 577 2155 utrisque
600 2074 786 2154 temporibus
810 2073 933 2155 adfiges,
960 2076 1019 2134 nisi
1042 2072 1107 2134 red·

93 2168 156 2228 dita
186 2168 310 2225 sanitate
339 2183 398 2225 non
426 2165 573 2226 decident.
614 2163 814 2226 llirundinum
842 2161 916 2242 pulli
939 2161 1053 2242 lapillos
1077 2164 1107 2223 in
1127 2175 1161 2224 66

93 2247 270 2315 ventriculis
294 2253 403 2314 habere
427 2264 619 2333 consuerunt,
643 2271 679 2313 ex
703 2250 812 2332 quibus
834 2253 887 2332 qui
904 2250 963 2312 albi
983 2253 1107 2312 maxime
1165 2316 1167 2320 ,

93 2345 217 2421 1666166,
236 2345 261 2402 si
280 2345 311 2403 in
330 2360 419 2403 manu
438 2345 527 2402 etiam
546 2341 656 2420 singuli
674 2349 832 2402 teneantur
850 2348 902 2402 aut
920 2343 1000 2402 circa
1018 2349 1108 2421 caput

53 2450 78 2491 ss
92 2433 156 2493 lino
181 2437 346 2509 nectantur,
371 2432 546 2491 veterrimos
570 2440 599 2491 66
622 2429 753 2490 diutinos
777 2431 883 2510 capitis
907 2429 1039 2492 mulcent
1057 2429 1107 2491 do·

92 2520 189 2599 iores,
217 2521 275 2580 nisi
302 2525 440 2580 contactu
469 2528 566 2579 terrae
594 2517 761 2598 lapillorum
788 2521 919 2597 potentia
948 2521 1107 2580 minuatur.

93 2609 231 2671 Cornicis
256 2607 421 2668 ¹cerebrum
454 2617 572 2668 coctum
603 2615 633 2668 ct
665 2606 731 2668 cibo
764 2615 916 2686 sumptum
945 2625 1049 2686 graves
1077 2615 1107 2668 66
1126 2618 1161 2669 66

91 2701 274 2759 inveteratos
298 2695 416 2757 dolores
440 2698 545 2775 cepitis
568 2696 676 2757 effectu
699 2695 827 2757 mirabili
846 2695 936 2774 pellit.
973 2694 1107 2757 Vulturis
1126 2707 1160 2756 '10

92 2785 220 2848 cerebro
248 2784 401 2865 paululum
429 2784 511 2845 cedri
538 2786 564 2845 si
591 2787 780 2846 inmiscueris
808 2793 839 2846 et
861 2801 948 2845 nares
971 2784 1040 2845 inde
1063 2787 1106 2846 in·

53 2893 77 2932 eo
91 2877 244 2936 trinsecus
259 2880 406 2952 caputque
416 2873 619 2953 peridoneus,
631 2890 734 2934 omnes
744 2871 862 2934 dolores
871 2875 971 2934 statim
980 2875 1106 2934 minues.

91 2963 139 3024 Ex
167 2980 354 3041 quacumque
385 2979 473 3023 causa
501 2961 691 3040 gravedinem
720 2964 826 3041 capitis
854 2969 1001 3042 exortam,
1030 2979 1106 3042 quae
1126 2973 1158 3023 61

92 3052 336 3130 intempestivum
368 3053 498 3112 concitet
525 3069 675 3132 somnum,
704 3053 767 3112 sine
791 3051 894 3112 dolore
917 3049 1052 3132 discutit,
1081 3052 1107 3111 si

94 3142 162 3220 quis
196 3141 374 3218 inpetigines
406 3141 438 3200 in
465 3141 541 3200 asini
568 3139 707 3200 cruribus
735 3139 910 3200 naturaliter
939 3147 1023 3200 natas
1055 3138 1105 3199 de·

92 3228 193 3290 trahat
216 3246 325 3308 easque
349 3229 380 3290 in
403 3227 522 3290 scobem
546 3227 698 3288 delimatas
725 3230 849 3290 inmixto
877 3235 960 3288 aceto
984 3225 1106 3288 naribus

167 3361 626 3419 1666116616166666166616266
681 3364 974 3419 1161661661ποῖ6.
1030 3367 1105 3416 666-

92 3438 162 3490 ium.
220 3440 253 3488 10
272 3435 427 3504 porcacius.
489 3440 520 3488 11
538 3433 682 3491 entefison.
735 3439 768 3488 18
782 3434 927 3489 relevabit.
974 3431 1105 3487 1916666.

94 3511 126 3560 21
150 3504 328 3575 gluttinabis.
401 3511 435 3560 22
454 3503 649 3560 herundinnm.
721 3503 926 3574 2966616166.

907 3589 945 3643 3*
