2528 3814
483 179 521 190 —
569 143 724 209 305-

93 307 249 385 repetierit
280 304 337 366 boc
370 305 501 386 malum,
526 307 621 384 frigus
650 325 685 366 ex
712 305 904 368 multitudine
934 307 993 370 cibi
1023 327 1109 387 prae·

10 421 17 466 1,
94 393 174 454 cedit
205 396 438 498 gravitatemque
466 395 613 474 quandam
642 401 672 455 et
699 401 852 473 torporem
881 397 946 456 eius
977 397 1048 478 loci,
1076 397 1107 458 id

94 489 141 544 cst
164 483 231 562 ooli,
255 483 308 543 sed
332 485 396 544 sine
419 482 480 544 ullo
504 483 605 544 dolore
629 483 818 544 sentiendum
841 484 940 564 infert,
964 485 1050 563 plane
1074 494 1108 547 ut

10 608 13 612 ==
94 580 159 632 tum
186 570 371 652 intellegant,
402 579 511 651 quanto
539 571 615 633 malo
639 574 803 676 caruerint,
827 574 879 652 qui
901 571 949 633 illa
973 573 1107 634 molestia

67 659 268 721 sliberantur.
300 659 364 720 Hoc
386 659 603 721 medicamento
621 663 750 740 primum
769 661 945 723 muliercula
964 662 1144 740 quaedam8

10 803 11 820 ς
96 767 132 808 ex
159 749 258 809 Africa
284 751 407 810 veniens
433 749 544 810 multos
571 749 681 810 Romae
708 750 895 831 remediavit,
922 759 1026 829 postea
1053 769 1109 810 nos

10 875 12 911 J
95 855 309 916 permagnam
332 856 434 899 curam
458 839 662 917 conpositione
685 839 751 898 eius
774 845 904 920 accepta,
927 838 958 898 id
978 846 1024 922 est
1041 857 1109 917 pre·

10 963 12 998 3
95 927 137 986 tio
161 925 228 986 dato
253 928 281 986 ei
304 927 383 1005 quod
407 925 627 988 desideraverat
646 929 698 1005 qui
715 926 894 1008 venditabat,
917 926 1030 1006 aliquot
1048 945 1108 988 non

10 1067 11 1070 ,
95 1014 222 1075 humiles
245 1033 343 1094 neque
366 1017 483 1094 ignotos
507 1017 687 1095 sanavimus
712 1033 839 1094 quorum
862 1017 981 1076 nomina
1004 1035 1108 1096 super·

53 1123 81 1162 ιο
95 1121 221 1163 vacuum
245 1111 292 1164 est
314 1103 437 1164 referre.
471 1102 594 1166 Constat
616 1111 715 1165 autem
738 1103 988 1164 medicamentum
1006 1123 1042 1165 ex
1062 1104 1109 1164 bis

95 1190 199 1252 rebus:
223 1191 310 1252 Cervi
333 1210 445 1253 cornua
469 1199 637 1274 sumuntur,
660 1193 731 1253 dum
750 1199 853 1253 tenera
873 1201 952 1274 sunt,
976 1200 1007 1254 et
1024 1195 1110 1272 quasi

94 1283 126 1340 in
153 1279 244 1341 taleas
268 1281 314 1341 vel
338 1288 439 1360 partes
462 1281 568 1342 breves
592 1289 622 1342 et
645 1288 751 1342 tenues
774 1281 867 1342 divisa
890 1284 922 1342 in
946 1281 1002 1342 olla
1024 1281 1111 1342 fictili

96 1377 315 1447 componuntur
343 1369 544 1450 operculoque
573 1372 762 1450 superposito
790 1379 821 1432 et
849 1370 951 1449 argilla
976 1370 1109 1450 undique

96 1459 277 1519 circumdata
304 1458 424 1520 fornace
449 1467 501 1520 aut
523 1459 611 1520 furno
635 1467 778 1537 uruntur,
806 1457 901 1519 donec
924 1461 955 1518 in
978 1461 1110 1520 cinerem

54 1564 82 1604 aa
97 1544 339 1606 candidissimum
366 1547 553 1626 redigantur,
581 1554 670 1626 atque
697 1549 738 1608 ita
765 1548 835 1606 trita
863 1549 894 1606 in
922 1564 991 1606 vaso
1015 1549 1109 1607 vitreo

96 1634 208 1694 mundo
226 1641 422 1712 reponuntur,
451 1634 525 1694 Cum
544 1633 676 1694 dolorem
696 1633 754 1695 coli
771 1633 893 1694 babebit
906 1633 1022 1716 aliquis,
1042 1643 1110 1696 ante

97 1723 176 1783 diem
194 1721 393 1783 abstinebitur
412 1741 499 1801 quam
513 1729 641 1801 poturus
655 1730 701 1783 est
715 1722 964 1782 medicamentum
979 1722 1015 1782 ab
1030 1724 1111 1783 omni

97 1811 163 1871 cibo
187 1819 276 1889 atque
299 1811 340 1870 ita
362 1819 483 1890 postera
506 1811 554 1871 dic
577 1811 711 1888 digestus
734 1817 823 1888 atque
846 1813 965 1870 ieiunus
984 1813 1111 1890 accipiet

98 1917 133 1959 ex
154 1899 211 1960 hoc
230 1899 352 1978 pulvere
371 1917 517 1960 cornuum
538 1906 711 1970 exustorum
731 1897 868 1959 cocliaria
886 1901 944 1959 tria
962 1899 1111 1960 cumulata

56 2007 83 2046 ao
99 1989 171 2048 satis
194 1987 298 2069 ampla,
322 1987 431 2067 quibus
449 1989 571 2049 misceri
590 1987 700 2048 dehent
717 1989 829 2066 piperIs
848 1986 907 2047 albi
925 2006 1016 2066 grana
1031 1987 1111 2048 Vllll

96 2078 167 2138 trita
190 2083 220 2137 et
241 2095 359 2157 myrrae
383 2079 532 2158 exiguum,
555 2075 634 2155 quod
658 2077 781 2136 odorem
804 2076 1008 2138 tautummodo
1027 2094 1111 2154 prae·

97 2173 176 2226 stare
202 2168 307 2246 possit
348 2165 428 2228 Haec
455 2169 487 2227 in
515 2184 608 2227 unum
636 2166 793 2227 commixta
822 2167 854 2225 in
879 2167 1022 2226 mortario
1046 2163 1146 2226 dili-9

97 2261 202 2332 genter
225 2257 374 2333 agitantur
397 2274 431 2316 ac
454 2263 602 2336 teruntur,
626 2254 733 2316 deinde
757 2254 855 2315 coclea
873 2271 944 2314 vera
964 2254 1111 2334 Africana,

97 2343 128 2402 id
156 2350 202 2403 est
228 2343 297 2404 inde
325 2343 424 2424 allata,
452 2347 580 2405 sumitur
607 2362 695 2422 quam
723 2342 956 2404 maculosissima
984 2351 1014 2403 et
1036 2344 1109 2423 viva,

56 2451 83 2491 aa
99 2433 124 2491 si
147 2431 212 2492 fieri
235 2440 342 2512 potest,
366 2434 398 2492 in
420 2432 477 2493 alio
500 2434 642 2492 mortario
662 2450 730 2494 cum
749 2449 804 2492 sua
822 2439 899 2492 testa
917 2431 1112 2492 contunditur

98 2527 186 2599 atque
214 2521 254 2580 ita
284 2523 403 2602 teritur,
432 2520 526 2582 donec
554 2519 669 2582 nullom
696 2521 855 2598 vestigium
884 2527 935 2579 aut
958 2519 1111 2598 aspritudo

98 2616 237 2687 appareat
260 2609 451 2690 testularum3
479 2616 582 2688 postea
604 2610 666 2669 vini
689 2607 806 2668 Falerni
829 2625 890 2668 non
913 2610 1022 2669 saccati
1045 2626 1111 2687 cya-

97 2696 168 2758 thus
192 2697 320 2758 adicitur
347 2705 378 2758 et
400 2697 493 2758 nihilo
517 2699 615 2758 minus
638 2715 745 2758 rursus
767 2697 890 2779 teritur,
915 2699 1008 2776 magis
1032 2699 1112 2757 enim

97 2793 170 2846 tunc
198 2785 384 2864 apparebunt
409 2787 622 2867 aspritudines,
652 2788 678 2846 si
701 2803 777 2865 quae
800 2785 974 2866 residerint3
1003 2785 1112 2864 quibus

57 2891 85 2933 so
98 2875 202 2934 levatis
221 2876 331 2934 iterum
351 2874 521 2936 adiciuntur
540 2876 598 2937 dno
618 2873 717 2954 cyathi
736 2874 868 2935 eiusdem
887 2876 948 2934 vini
966 2881 1055 2953 atque
1071 2875 1113 2933 ita

99 2981 168 3024 cum
190 2965 291 3042 priore
315 2966 530 3042 compositione
553 2963 629 3024 bene
653 2963 866 3044 admiscentur,
891 2970 994 3043 postea
1017 2969 1113 3022 traus-

98 3051 266 3112 fundontur
294 3069 369 3130 quae
397 3055 522 3114 suntin
545 3054 686 3113 mortario
709 3054 741 3113 in
764 3052 886 3112 calicem
910 3069 1032 3131 novum,
1062 3051 1114 3128 qui

99 3140 174 3201 calix
194 3158 285 3219 super
304 3140 383 3201 aliud
402 3160 453 3202 vas
471 3142 594 3220 ponitur
612 3141 649 3200 ad
668 3141 812 3201 carbones
832 3147 862 3200 et
876 3139 999 3199 adsidue
1014 3155 1114 3197 move·

99 3237 149 3289 tur
172 3229 312 3290 cocliaria
335 3229 446 3311 liquor,
475 3247 513 3290 ne
537 3228 608 3308 quid
632 3228 767 3288 subsidat
789 3235 840 3288 aut
863 3233 1037 3306 peruratur3
1061 3224 1115 3285 nbi

189 3435 347 3506 hignotus.
414 3433 887 3491 12caleaseSertoonacaburas.
944 3435 977 3484 14
996 3429 1115 3486 circum·

100 3505 175 3560 dolo
250 3512 282 3561 17
300 3509 426 3576 poturus.
501 3514 533 3562 21
554 3505 701 3577 praestari.
775 3511 809 3560 32
828 3503 890 3576 qui]
911 3503 984 3570 quie

153 3604 314 3660 Manonnnos,
327 3617 366 3648 nn.
380 3608 535 3648 Hanunnrcn
921 3596 955 3646 20
