2528 3814
539 139 781 205 -278-

152 305 252 365 testim
266 302 360 386 dolor,
378 321 446 364 cum
462 321 511 364 eas
525 303 668 364 deiecerit
681 303 877 382 torminosus3
893 309 962 381 post
974 303 1165 363 iniectionem

152 410 224 453 sane
247 393 336 454 detur
358 389 453 453 cibus.

100 493 135 542 24
242 481 330 543 Aliud
353 480 611 562 medicamentum,
634 479 714 559 quod
737 479 863 540 mirifice
883 478 1007 558 prodeat
1026 481 1167 540 tormino-

153 572 204 652 sis,
227 573 289 632 aive
313 568 426 631 febrem
450 568 609 630 habuerint
632 586 687 630 seu
709 570 774 629 sine
798 568 881 630 febre
903 567 1031 629 luerint:
1055 567 1170 629 Planta·

153 662 231 740 ginis
259 661 324 720 suci
351 657 469 718 hemina
497 657 603 736 frigida
631 656 677 718 vel
705 657 804 736 tepida
831 657 993 718 inmittitur
1026 675 1087 736 per
1118 656 1190 737 ely-t

153 756 265 810 starem
294 750 326 808 in
354 765 444 808 anum
473 745 519 807 vel
550 763 606 825 per
633 763 665 807 se
694 744 756 806 sola
783 745 829 806 vel
851 763 920 806 cum
942 747 1011 806 vino
1037 764 1077 806 ex
1102 747 1173 826 piris
1253 741 1254 760 ¹

154 837 284 918 Syriacis
307 837 393 897 lacto.
435 833 498 896 lloo
522 834 772 896 medicamentum
797 837 887 894 etiam
910 835 937 894 si
959 851 1050 913 aeger
1070 835 1174 896 cibum

152 927 314 1006 horrescit,
343 925 476 986 restituit
499 925 527 984 ei
550 923 744 1003 cupiditatem
766 923 976 1004 manducandi3
1001 922 1078 984 iacit
1103 941 1174 985 vero

154 1017 242 1076 sitem
264 1012 490 1095 intolerabilem,
514 1012 566 1073 sed
590 1012 741 1074 moderate
764 1011 935 1073 bibendum.

100 1112 134 1162 25
242 1102 381 1164 Pastillus
405 1102 441 1162 ad
464 1103 645 1163 torminosos
664 1102 769 1163 efficax
788 1101 946 1162 conficitur
963 1103 1020 1162 sic:
1045 1101 1174 1164 Aeaciae
1188 1117 1209 1156 10

153 1191 224 1271 iti,
247 1190 317 1251 mali
340 1193 456 1268 granati
479 1193 601 1252 corticis
625 1189 742 1270 xvttt,
765 1189 857 1269 gallae
881 1189 1017 1270 Syriacae
1042 1193 1175 1253 inmatu-

152 1297 204 1339 rae
227 1277 253 1337 Χ
277 1277 314 1358 V,
343 1281 460 1357 soporis
482 1279 508 1339 it
532 1278 569 1359 V,
596 1281 687 1359 myrti
714 1279 855 1340 bacarum
882 1281 1037 1357 nigrarum
1061 1279 1089 1340 li
1114 1279 1175 1356 Vll,

153 1366 235 1447 rbus,
255 1366 335 1446 quod
354 1369 474 1432 coriarii
492 1374 628 1448 utuntur,
647 1365 766 1428 xvllli
788 1367 834 1428 vel
853 1367 987 1429 eiusdem
1001 1371 1069 1430 suci
1084 1368 1113 1430 X
1128 1368 1173 1448 Vl,

153 1454 257 1516 alterci
280 1457 402 1516 seminis
426 1455 452 1516 ll
472 1455 544 1536 Vlll,
567 1459 645 1517 turis
668 1455 695 1516 tt
718 1455 791 1537 Vlll,
814 1455 889 1516 rbus
913 1456 1026 1536 Syriaci
1050 1457 1077 1517 tt
1098 1457 1173 1518 vlit

152 1541 232 1606 Haeo
251 1546 349 1606 omnia
368 1547 538 1606 animantur
556 1553 676 1624 praeter
694 1547 831 1626 acaciam,
851 1552 909 1626 tus,
928 1547 1030 1624 opium
1051 1553 1082 1606 et
1101 1559 1204 1608 con-1⁵
1253 1617 1254 1634 ἶ

152 1634 321 1696 tunduntur
344 1649 480 1695 seorsum
506 1636 589 1695 etin
613 1651 706 1695 unum
729 1635 894 1695 miscentur
916 1636 1047 1714 vinoque
1071 1638 1173 1697 omnia
1253 1637 1254 1686 l

151 1725 281 1803 myrtino
305 1732 544 1802 consparguntur
567 1730 656 1802 atquc
679 1724 710 1782 in
734 1722 842 1802 pyxide
860 1722 945 1783 fictili
966 1733 1173 1806 reponuntur3

153 1814 180 1872 si
203 1814 270 1891 quis
293 1811 372 1872 volet
394 1811 527 1890 pastillos
550 1811 657 1892 lacere,
681 1811 789 1872 adiciet
807 1813 934 1890 gummis
954 1810 979 1870 ll
998 1810 1045 1872 Vl.
1083 1813 1172 1874 Dabi·

152 1909 203 1962 tur
222 1919 258 1961 ex
276 1900 332 1961 boo
351 1899 568 1962 medicamento
587 1901 688 1961 ieiuno
709 1901 873 1960 torminoso
893 1899 919 1959 li
938 1918 1016 1961 uuus
1035 1919 1074 1962 ex
1095 1921 1173 1983 aqua
1253 1903 1254 1978 l

152 1987 199 2050 vel
218 2007 253 2050 ex
272 1991 341 2050 vino
360 1991 452 2050 mixto
471 1995 594 2068 myrteo.
637 1988 718 2049 ldem
737 1988 1204 2060 medicamentuminmituturn
1253 1979 1254 2022 Τ

153 2096 208 2158 per
231 2078 388 2158 clysterem
412 2077 448 2138 ad
472 2095 643 2139 mensuram
665 2079 746 2138 iuxta
770 2079 849 2138 vires
872 2079 1028 2156 cuiusque.
1253 2079 1254 2162 l

100 2171 134 2221 26
242 2165 325 2227 Vinls
348 2168 394 2227 uti
417 2172 536 2245 oportet
558 2168 738 2228 torminosos
758 2184 794 2226 ex
812 2173 909 2246 myrto
929 2174 959 2226 et
977 2168 1052 2246 piris
1073 2167 1175 2248 Syria·

153 2258 205 2335 cis,
229 2274 265 2316 ex
288 2255 373 2316 malis
394 2254 535 2334 cydoneis
559 2262 589 2315 et
611 2254 790 2336 terebintho,
815 2273 850 2315 er
874 2255 947 2315 rbus
971 2257 1110 2336 coriario,
1137 2277 1175 2318 ex
1253 2271 1254 2324 t

153 2343 258 2422 glande
282 2345 433 2424 quercina,
457 2363 493 2404 ex
522 2343 664 2424 lapatbio,
688 2362 724 2404 ex
751 2343 855 2422 populi
877 2343 991 2424 fructu,
1020 2362 1056 2404 ex
1084 2345 1175 2425 rubo,
1253 2375 1254 2422 j

153 2448 190 2492 err
204 2429 398 2510 hypocistide.
422 2431 503 2503 Quae
519 2434 617 2493 omnia
636 2432 845 2512 decoquuntur
864 2450 999 2492 seorsum
1014 2451 1084 2493 oum
1098 2436 1171 2494 vino
1188 2448 1211 2490 re
1253 2459 1254 2512 3

154 2518 331 2580 Surrentino
355 2527 407 2582 aut
431 2520 567 2602 Signino,
592 2522 707 2600 potioni
729 2538 800 2581 vero
823 2521 1005 2582 admiscetur
1027 2539 1105 2600 aqua
1130 2524 1173 2583 ci·
1253 2519 1254 2572 l

154 2609 288 2668 sternina
311 2608 434 2670 decocta
457 2617 487 2670 et
510 2609 566 2670 sub
589 2609 656 2670 divo
679 2611 784 2689 posita.

101 2701 135 2751 27
243 2695 369 2757 Prodest
396 2699 569 2758 torminosis
593 2697 638 2759 lac
661 2705 778 2778 potum,
806 2699 838 2758 in
866 2698 945 2777 qnod
972 2697 1087 2776 lapides
1110 2698 1170 2758 ler·
1253 2693 1254 2730 ³

153 2791 257 2845 ventes
286 2787 404 2863 saepius
432 2785 479 2846 vel
507 2787 620 2846 lerrum
648 2786 779 2847 candens
808 2786 970 2847 demissum
1002 2787 1109 2868 luerit,
1143 2789 1171 2847 si
1253 2819 1254 2822 κ

152 2881 253 2934 tamen
276 2891 336 2933 non
359 2872 580 2946 febricitabunt.
1185 2893 1210 2932 so
1253 2881 1254 2886 ’

100 2967 135 3017 28
243 2960 309 3022 Cibi
336 2970 463 3042 prosunt
487 2963 660 3023 torminosis
682 2963 866 3024 huiusmodi:
897 2963 986 3024 Panis
1009 2963 1170 3024 fermenta·

153 3059 203 3112 tus
227 3050 334 3132 durus,
361 3051 460 3130 pultes
485 3051 632 3133 diversae,
659 3051 801 3112 lenticula
824 3059 908 3114 aceto
931 3051 1063 3131 condita,
1086 3051 1169 3112 bras-

153 3142 224 3224 sica,
247 3139 393 3222 plantago,
417 3140 519 3222 intiba,
542 3140 617 3201 mala
641 3139 780 3220 cydonea,
803 3159 878 3202 uvae
901 3159 938 3202 ex
956 3140 1030 3222 ollis,
1054 3139 1169 3220 palmae

243 3294 398 3349 bolistere.
491 3293 650 3348 torrescit.
750 3297 783 3346 12
803 3293 909 3361 operis:
929 3293 988 3362 opii
1007 3292 1168 3349 Gernorius.

156 3367 190 3415 13
209 3380 265 3430 quo
285 3359 444 3419 Coronatus.
498 3369 530 3418 19
549 3364 794 3419 medicamentum.
841 3367 874 3416 21
895 3364 1023 3433 clystere.
1069 3369 1105 3418 24
1118 3381 1167 3433 pu·

153 3431 222 3496 puli.
300 3439 334 3487 26
354 3435 578 3502 dequoquuntur.
655 3439 689 3488 28
708 3431 884 3488 torminosos.
964 3439 998 3488 29
1018 3433 1168 3488 demissum

153 3500 266 3566 scripsi:
285 3501 439 3557 dimissum.
