2518 3806
553 111 794 177 —382-

169 278 266 359 pulvis
288 275 451 355 specularis
470 276 568 334 exusti
586 283 615 334 et
634 274 800 334 diutissime
820 273 956 350 agitatur.
993 270 1069 333 Tum
1089 243 1187 334 medi-

170 384 273 427 camen
301 365 397 425 adhuc
424 361 667 443 pseudocalidum
695 361 870 430 diffunditur
897 362 928 420 in
951 362 1129 420 mortarium
1156 370 1189 422 et

170 454 230 515 illic
257 454 425 514 diutissime
452 449 590 511 manibus
618 449 766 529 subigitur
797 457 887 527 atque
916 448 986 508 inde
1013 451 1045 508 iu
1072 450 1187 527 pyxide

171 549 222 602 aut
249 545 280 602 iu
309 539 415 601 doliolo
439 541 534 599 vitreo
557 539 721 616 reponitur.
762 537 847 608 Qtrod
871 537 1122 598 medicamentum
1149 538 1187 598 ad
1253 593 1254 596 ,

171 648 275 691 omues
303 629 492 690 collectiones
520 634 550 686 et
577 625 729 704 glandulas
758 635 788 687 et
815 625 965 702 parotidas
993 633 1024 685 et
1050 633 1212 686 strumass

171 727 201 780 et
224 719 260 778 ad
284 735 387 778 omnes
410 723 543 776 tumores
571 723 601 774 et
627 714 662 774 ad
686 732 789 776 omnes
812 713 947 790 pustulas
970 721 1000 773 et
1022 713 1059 772 ad
1082 716 1188 774 omnia
1253 711 1254 780 J

170 805 292 866 vulnera
315 804 444 865 sananda
467 805 705 882 potentissimum
729 810 774 863 est
793 819 908 862 necnon
928 800 1013 862 etad
1036 801 1187 862 stomachi
1253 799 1254 826 ³

171 902 202 954 et
224 895 372 954 viscerum
395 893 465 952 vitia
488 899 518 951 et
541 891 576 950 ad
600 890 702 952 lateris
725 899 755 951 et
777 892 894 950 renium
914 897 945 949 et
961 887 1135 950 lumborum
1156 897 1188 950 et
1253 887 1254 890 ’

172 999 313 1042 coxarum
340 980 457 1040 dolores
485 979 723 1041 efficacissimum
755 987 816 1058 est;
848 979 947 1038 nervis
975 995 1094 1055 quoque
1123 977 1186 1055 pla-

173 1069 274 1130 candis
298 1076 328 1128 et
350 1068 496 1129 luxaturis
520 1075 550 1128 et
573 1067 712 1128 fracturis
736 1065 896 1131 solidandis
915 1064 1107 1126 utilissimum
1129 1075 1184 1125 est.
1200 1083 1223 1122 ao

571 1345 783 1354 .—

219 1593 303 1666 Ouod
328 1601 429 1653 natum
452 1591 590 1652 Phoebus
613 1592 728 1671 docuit,
751 1591 830 1671 quod
855 1591 966 1652 Chiron
989 1589 1150 1674 Achillem,

219 1682 304 1753 Quod
328 1681 458 1742 didicere
482 1679 551 1740 olim
574 1679 741 1740 Podalirius
764 1687 853 1759 atque
876 1679 1018 1741 Machaon

218 1772 241 1829 Α
265 1771 398 1848 genitore
423 1786 491 1848 suo,
514 1769 565 1846 qui
589 1768 736 1846 quondam
760 1786 863 1828 versus
887 1770 917 1828 in
941 1787 1068 1847 anguem

219 1856 340 1936 Templa
363 1855 512 1917 Palatinae
537 1855 628 1916 subiit
652 1855 787 1916 sublimia
811 1856 934 1937 Romae,

219 1944 303 2015 Quod
328 1943 406 2004 Cous
430 1944 531 2004 docuit
554 1945 654 2004 senior
678 1944 816 2022 quodque
839 1943 955 2004 Abdera
978 1946 1085 2023 suasit,
1198 1963 1210 2003 s

219 2033 303 2104 Quod
327 2032 409 2110 logos
433 2040 488 2092 aut·
506 2031 662 2092 methodos
686 2031 869 2111 simplexque
893 2033 1034 2110 empirica
1057 2035 1175 2112 pangit:

218 2120 281 2180 lloc
305 2119 381 2180 liher
404 2121 461 2180 iste
485 2128 567 2180 tenet
590 2119 707 2180 diverso
731 2138 747 2179 e
771 2119 906 2198 dogmate
930 2127 1089 2198 sumptum.

217 2208 351 2287 Namque
375 2207 541 2268 salutiferas
565 2208 696 2286 disponit
718 2209 824 2286 pagina
847 2225 941 2268 curae.

218 2297 288 2358 lstic
311 2297 466 2376 repperies
488 2315 542 2374 per
565 2298 684 2356 uomina
707 2314 820 2374 perque
843 2295 983 2356 medellas

218 2384 388 2462 llescriptas
412 2386 527 2463 species
551 2393 581 2444 et
602 2385 734 2464 pondera
757 2401 964 2444 mensurarum

220 2471 369 2553 Congrua,
393 2491 468 2551 quae
492 2475 611 2552 sapiens
635 2490 734 2532 sumes
757 2472 957 2533 moderamine
981 2479 1072 2532 certo.

218 2559 261 2620 Ne
285 2559 399 2640 lallare,
422 2561 502 2640 vide,
525 2578 584 2621 neu
608 2578 682 2639 quae
707 2568 777 2620 sunt
799 2567 883 2638 parta
907 2559 995 2620 saluti

220 2647 322 2708 Vertat
344 2649 375 2707 in
399 2651 522 2708 exitium
545 2667 604 2708 nou
629 2647 733 2708 sollers
757 2665 828 2708 cura
851 2648 1005 2708 medentis.

221 2735 311 2794 Sume
335 2737 426 2813 igitur
449 2736 581 2796 medicos
603 2753 658 2813 pro
682 2744 816 2814 tempore
838 2754 953 2814 proque
976 2735 1076 2795 labore

220 2823 391 2901 Aetatisque
414 2822 518 2882 habitu
542 2841 656 2884 summa
679 2826 793 2884 ratione
816 2833 948 2904 paratae,
1196 2831 1219 2872 1⁵

220 2910 358 2970 Gramine
382 2929 436 2970 seu
459 2910 544 2971 malis
568 2929 656 2989 aegro
680 2919 831 2990 praestare
855 2911 1009 2972 medellam

220 2998 356 3060 Carmine
381 3016 434 3058 seu
456 3001 570 3078 potius:
593 3017 720 3078 namque
745 3007 790 3060 est
813 3018 862 3060 res
886 3009 967 3060 certa
991 2999 1079 3058 saluti

220 3086 345 3148 Carmen
369 3085 405 3147 ah
429 3087 554 3148 occultis
577 3086 713 3148 tribuens
736 3088 877 3148 miracula
901 3087 1006 3147 verbis.

220 3174 301 3244 Quae
325 3177 407 3236 curis
430 3174 583 3236 hominum
607 3175 798 3254 physicorum
821 3179 939 3236 inventa
963 3181 1119 3256 pararunt,

265 3383 280 3431 9
299 3378 424 3432 medelas
445 3378 605 3434 Cornacates.
680 3383 712 3432 13
732 3377 818 3432 solers
837 3379 915 3434 mem.
994 3383 1027 3431 16
1046 3377 1185 3434 medelam

174 3444 254 3500 idon.
328 3453 360 3502 17
381 3449 481 3502 salutis
501 3449 655 3504 Buecheler.
730 3453 762 3500 19
781 3447 906 3516 pararint
925 3447 1087 3502 Conuersus.
