2636 3790
555 119 773 182 ..36-

114 286 279 364 ·tpenitus
308 281 445 361 obstipet.
493 280 526 342 Si
548 279 633 342 dolor
655 298 692 341 88
716 278 841 340 cerebro
864 282 1017 362 gignetur,
1044 280 1173 340 hederae

158 372 228 432 lolia
256 379 372 451 septem
399 379 430 432 et
456 370 579 431 nucleos
606 376 749 448 purgatos
777 387 813 429 ex
841 370 967 447 persicis
996 377 1110 448 septem
1138 387 1172 429 ex

158 461 224 521 oleo
257 467 288 521 et
320 467 404 522 aceto
438 459 587 538 decoques
620 460 793 536 pariterque
821 465 959 518 conteres
987 465 1076 536 atque
1104 457 1174 518 inde

106 561 139 612 73
158 557 294 630 tempora
317 556 348 610 et
370 549 499 610 frontem
523 547 651 608 dolentis
674 545 813 607 chduces.
851 545 928 607 Ruta
952 548 1022 607 trita
1041 553 1125 606 aceto
1145 555 1176 606 81

160 637 224 699 8188
249 656 372 700 rosaceo
391 640 483 700 mixta
501 637 627 698 mirifice
647 635 780 696 dolorem
799 636 905 713 capitis
924 638 1032 696 avertit
1050 633 1203 696 cerebros
1276 695 1277 700 ,

108 738 142 788 14
160 726 206 788 vel
234 726 420 806 temporibus
448 726 555 786 inlusa.
602 724 697 803 Caput
720 725 810 784 ocimi
832 725 937 784 tritum
961 743 1029 786 cum
1053 741 1175 784 rosaceo

108 827 141 876 18
160 815 226 876 oleo
249 824 301 878 aut
323 823 438 895 myrteo
459 824 489 876 et
508 821 591 875 aceto
610 813 703 874 fronti
721 813 889 874 rectissime
908 814 1070 891 inponitur.
1109 812 1177 873 Ser·

159 903 275 985 pullum
298 903 454 966 decoctum
478 921 513 964 88
538 911 621 963 88818
645 909 676 962 81
698 903 805 962 tritum
828 908 911 962 recte
929 903 1085 980 inponitur
1103 910 1177 962 tem·
1276 903 1277 950 l

107 1005 141 1053 ‘16
159 993 285 1073 poribus
304 1001 336 1053 et
354 993 454 1054 lronti.
491 991 606 1052 Corona
625 990 662 1051 de
680 989 779 1069 puleio
793 989 917 1070 prodest
931 992 1021 1069 capiti
1039 991 1176 1069 inposita,

108 1092 140 1142 11
161 1083 187 1142 si
210 1090 322 1142 terram
345 1099 405 1141 non
428 1087 538 1158 tangat.
583 1079 616 1140 Si
638 1079 769 1140 difficilis
792 1095 914 1140 somnus
945 1086 992 1140 est
1014 1098 1051 1139 88
1074 1078 1176 1139 dolore
1191 1096 1217 1136 1o

161 1171 277 1250 capitis,
300 1167 365 1228 oleo
389 1167 574 1248 amygdalino
597 1175 688 1246 eaput
711 1185 823 1246 ungere
845 1175 965 1246 oportet
983 1177 1013 1228 et
1031 1175 1178 1247 tempora3

160 1257 337 1319 nucleorum
365 1275 436 1317 vero
464 1258 575 1335 persici
605 1255 699 1316 lerina
723 1274 791 1316 cum
815 1254 902 1316 melle
925 1263 956 1317 et
978 1263 1062 1317 aceto
1087 1256 1179 1316 lronti

161 1345 245 1407 inlita
273 1345 410 1426 prodest3
438 1343 537 1406 nuclei
566 1361 685 1423 quoque
709 1343 888 1424 amygdalini
910 1346 975 1405 triti
997 1345 1111 1406 utiliter
1133 1347 1178 1404 in-

110 1445 143 1496 78
162 1442 331 1514 ponuntur,
361 1436 450 1494 etiam
473 1435 505 1494 in
529 1432 671 1494 febribus.
716 1431 811 1494 Bacae
833 1432 910 1494 lauri
932 1435 1030 1512 inpari
1053 1451 1178 1493 numero

111 1534 144 1584 ⁷9
164 1526 196 1584 in
215 1523 280 1584 oleo
300 1524 447 1584 contritae
466 1529 497 1582 et
515 1523 605 1601 capiti
624 1520 725 1582 inlitae
744 1528 849 1582 sanant
867 1521 1008 1582 dolorem.
1045 1521 1180 1582 Hederae
1194 1539 1220 1580 as

165 1611 233 1672 lolia
257 1611 430 1672 mollissima
452 1612 523 1672 trita
546 1629 582 1670 88
606 1617 690 1670 88818
710 1617 740 1670 81
757 1627 880 1670 rosaceo
900 1610 1042 1671 adversus
1061 1627 1180 1671 omnem

110 1711 145 1762 80
165 1699 298 1762 dolorem
327 1700 420 1760 fronti
446 1698 622 1760 inlinuntur.
676 1698 827 1759 Panaoeae
856 1699 939 1759 radix
962 1701 993 1760 in
1017 1698 1082 1759 oleo
1105 1702 1180 1760 inte·

110 1791 244 1850 81ritur
265 1796 300 1850 et
323 1788 431 1850 deinde
454 1789 545 1867 capiti
567 1786 736 1848 instillatur.
780 1786 855 1848 Ossa
878 1787 915 1848 de
938 1790 1034 1866 capite
1054 1787 1180 1848 vulturis

111 1889 145 1939 82
165 1877 281 1956 alligari
303 1877 427 1956 prodest
449 1879 539 1957 capiti
562 1875 682 1937 dolenti.
720 1874 906 1938 Gallinaceos
929 1875 1028 1956 pullus
1047 1876 1180 1937 inclusus

165 1965 335 2028 abstinetur
362 1973 451 2028 noete
474 1973 505 2026 et
527 1965 590 2045 die,
618 1964 725 2025 deinde
749 1966 814 2026 eius
838 1964 990 2044 gallinacei
1013 1965 1111 2044 pluma
1135 1963 1221 2024 velao

164 2057 258 2117 crista
294 2053 431 2134 alligatur
463 2053 501 2114 ad
528 2053 637 2114 collum
665 2061 717 2114 aut
744 2052 873 2115 dolentis
901 2060 991 2133 caput
1018 2071 1051 2112 ac
1080 2055 1181 2113 statim

112 2155 147 2205 83
166 2143 311 2206 medetur.
358 2141 505 2204 Surculus
534 2159 570 2202 ex
600 2141 670 2202 nido
693 2141 775 2202 milvi
797 2141 917 2221 pulvino
941 2141 1068 2202 dolentis
1092 2148 1182 2220 eaput
1275 2177 1276 2202 1

112 2243 147 2293 84
166 2232 374 2311 superpositus
392 2230 522 2309 prodest.
567 2229 753 2291 blurinarum
772 2229 895 2309 pellium
914 2237 1086 2291 exustarum
1105 2232 1182 2291 cinis

112 2332 146 2381 88
167 2339 203 2380 88
226 2326 310 2380 88818
334 2319 427 2379 fronti
449 2317 553 2379 inlitus
573 2318 704 2396 prodest.
743 2318 865 2380 Cocleae
884 2321 1063 2380 matutinum
1082 2337 1182 2379 rorem
1275 2337 1276 2340 ¹

165 2409 316 2488 pascentis
346 2413 436 2485 caput
463 2405 610 2467 arundine
639 2407 823 2485 praeciditur
851 2415 881 2467 et
908 2409 939 2468 in
967 2407 1088 2468 linteolo
1112 2407 1181 2468 licio
1196 2425 1222 2466 ee

113 2508 147 2557 88
166 2495 303 2574 alligatur
328 2495 463 2574 colloque
486 2495 694 2576 suspenditur,
717 2497 859 2556 continuo
882 2495 1028 2557 medetur.
1074 2495 1182 2557 Fracto
1275 2505 1276 2548 t

166 2587 258 2664 capiti
288 2583 346 2646 tela
372 2585 474 2644 aranei
502 2603 537 2644 88
566 2583 631 2644 8188
655 2591 685 2644 81
716 2591 800 2645 88818
824 2585 953 2663 inposita
977 2602 1037 2645 non
1059 2585 1183 2665 recedit,

113 2683 147 2732 81
167 2675 226 2734 nisi
250 2673 406 2734 sanaverit.
444 2671 534 2734 Cerni
557 2675 671 2734 cervini
693 2674 792 2734 exusti
815 2675 890 2733 cinis
913 2672 1017 2734 inlitus
1036 2674 1129 2734 fronti
1147 2691 1184 2733 88

114 2770 148 2821 88
168 2769 251 2823 88818
275 2768 306 2822 81
327 2778 450 2823 rosaceo
470 2760 601 2840 prodest.
638 2760 748 2822 Lanam
767 2761 899 2822 oviculae
918 2761 1053 2824 deinter
1072 2761 1184 2822 femora

168 2849 258 2912 velles
290 2858 321 2912 81
352 2851 384 2910 in
416 2857 500 2912 aceto
530 2851 683 2929 intingues
715 2857 745 2910 et
773 2867 864 2929 super
892 2859 1026 2930 tempora
1055 2849 1184 2911 dolentis
1198 2869 1225 2908 eo

115 2948 149 2999 89
168 2939 281 3018 ligabis.
327 2938 437 2999 Lanam
472 2940 575 3000 arietis
606 2939 643 2999 de
671 2939 769 2999 fronte
798 2938 888 3000 velles
917 2947 947 2999 et
976 2938 1124 3000 conbures
1153 2942 1185 2999 in

169 3028 310 3108 operculo
339 3026 413 3088 ollae
441 3045 517 3088 novo
546 3036 576 3088 et
603 3029 635 3088 in
662 3028 804 3088 mortario
833 3026 1012 3088 confricabis
1035 3035 1125 3106 atque
1149 3047 1185 3088 88
1274 3045 1275 3066 ¹

116 3127 151 3177 80
170 3124 253 3178 88818
272 3117 364 3177 fronti
381 3115 497 3178 inlines.
528 3115 663 3177 Sertulae
678 3115 842 3194 Campanae
858 3115 1033 3177 fasciculum
1048 3134 1083 3176 ex
1099 3125 1185 3178 aceto

116 3217 149 3265 81
170 3206 320 3285 decoques
344 3213 374 3266 et
397 3205 489 3267 fronti
511 3204 627 3266 inlines.
666 3203 761 3284 Caput
784 3206 810 3264 si
832 3203 933 3265 dolere
957 3206 1103 3284 coeperit,
1130 3225 1186 3266 ovo
1274 3237 1275 3272 1

242 3347 274 3394 11
294 3340 401 3410 urgeri.
472 3346 503 3395 18
523 3339 649 3410 prosunt.
721 3345 754 3394 17
772 3338 904 3394 inseritur
925 3339 975 3408 (aie
993 3339 1102 3408 codem:
1122 3356 1188 3394 con-

169 3411 271 3467 teritur
290 3411 451 3468 Carnarius.
541 3417 780 3466 cimmeriorum.
863 3416 897 3465 82
916 3410 993 3466 ullae
1083 3427 1118 3466 88
1135 3428 1186 3467 om.

171 3489 205 3538 33
224 3483 396 3538 fasciculum.
470 3487 505 3538 34
523 3481 693 3552 dequoques.
