2636 3790
597 147 792 210 ..4-

185 332 258 383 κονς
272 304 309 389 β’.
327 303 360 370 Ὁ
374 306 513 388 μέδιμνος
527 307 585 388 ἔχει
598 302 719 386 ἡμίεκτα
734 304 783 386 ιβ,
802 301 837 369 τὸ
851 301 990 385 ἡμίεκτον
1004 305 1061 386 ἔχει
1075 310 1146 385 χοῦς
1161 303 1203 386 β’,
1266 337 1268 380 η

185 393 201 460 ὃ
216 401 286 477 χούς
305 397 362 478 ἔχει
380 397 511 477 χοίνικας
529 392 568 476 β’,
586 390 605 475 ἡ
621 397 713 475 χοῖνιξ
728 395 785 475 ἔχει
798 391 922 468 κοτύλας
937 390 973 473 t',
987 389 1006 474 ἡ
1021 391 1127 474 κοτύλη
1143 394 1204 474 ἔχει
1261 429 1268 469 t

184 481 337 565 ἡμίξεοτον
352 482 389 564 α’,
407 480 439 546 τὸ
453 486 592 565 τρυβλίον
606 481 638 544 δὲ
652 479 759 564 κοτύλη
774 481 850 545 ἐστὶν
860 478 984 562 Ἀττική,
997 478 1029 545 τὸ
1044 478 1205 562 ὀξύβαφον

186 571 219 636 δὲ
233 569 366 654 τέταρτόν
381 573 440 635 ἐστι
453 568 586 652 κοτύλης,
600 566 742 646 ὃκύαθος
756 569 840 634 ἕκτον
854 570 912 633 ἐστὶ
922 566 1054 650 κοτύλης.
1069 565 1108 632 Ἡ
1121 569 1203 652 χημη
1264 557 1268 616 ι

186 659 250 742 ύηει
268 657 359 742 ὁλκὴν
377 663 455 741 μίαν.
484 655 526 722 ‘H
535 655 692 740 Ἑλληνικὴ
712 656 819 739 κοτύλη
838 663 890 722 τοῦ
904 659 1003 722 ἐλαίου
1017 659 1075 739 ἔχει
1089 655 1117 721 λι
1132 657 1171 738 α’,
1187 655 1199 722 ἕ
1267 695 1268 740 η

187 749 220 813 tl
234 749 334 830 ξύστης
348 747 377 812 λι
388 743 428 831 β’,
443 744 459 812 ὁ
474 747 506 811 δὲ
520 744 647 823 λταλικὸς
661 747 761 828 ξέοτης
774 744 804 810 λι
814 744 842 809 α’
855 759 884 814 β.
906 751 1009 828 Δῆλον
1023 740 1079 810 οὖν
1093 744 1137 811 ὅτι
1151 747 1205 809 καὶ
1266 789 1268 850 ,

186 835 206 920 ἡ
226 835 338 920 ἰταλικη
356 834 464 918 κοτύλη
483 837 540 918 ἔχει
559 837 582 900 [ὅ
598 834 640 918 e‘,
658 832 677 918 ἡ
698 835 730 900 δὲ
745 832 952 918 Ἀλεξανδρινὴ
972 833 1079 916 κοτύλη
1099 836 1204 898 ἐλαίου
1263 879 1268 918 ,

187 927 241 1010 μὲν
259 928 317 1010 ἔχει
336 925 360 989 [3
374 923 413 1008 η’,
433 929 518 990 οἴνου
537 924 569 988 δὲ
588 925 612 989 Ιῖ
626 923 666 988 e'.
1265 969 1268 1012 ,

279 1013 319 1080 Τὸ
338 1012 479 1096 κέρύμτον
497 1015 555 1096 ἔχει
1267 1057 1268 1100 ,

410 1104 510 1166 ἐλαίου
649 1105 734 1166 οἴνου
870 1101 982 1182 μέλιτος
1264 1129 1268 1188 η

414 1187 444 1253 λι
458 1187 505 1272 οβ’
657 1189 686 1254 λι
701 1186 733 1253 τύ
884 1186 913 1252 λι
927 1189 971 1271 ρκ’

280 1275 321 1343 Τὸ
339 1277 461 1362 κόγγιον
479 1279 536 1360 ἔχει

413 1364 453 1433 ,λι
466 1367 498 1430 e'
664 1365 717 1430 λιι
889 1362 918 1430 λι
933 1363 966 1428 ιε’

272 1452 306 1519 Ὁ
324 1455 424 1537 ξέστης
442 1457 501 1538 ἔχει

426 1541 504 1626 tos
616 1540 769 1625 λιαἸῖη
873 1540 977 1625 λιβ’5

273 1629 316 1695 Ἡ
330 1631 436 1713 κοτύλη
456 1633 515 1714 ἔχει

425 1718 497 1784 ΕΝ
662 1717 720 1783 fil
855 1716 1005 1802 Μύβύ

274 1805 308 1872 Ὁ
325 1806 443 1885 κύαθος
466 1811 523 1891 ἔχει

404 1894 503 1963 [Fa‘s
590 1893 792 1980 tie‘eypo'
866 1893 974 1978 [v'fi'i.

206 2116 380 2188 Epistulae
404 2116 619 2175 diversorum
642 2117 685 2172 de
709 2115 874 2186 qualitate
898 2117 932 2172 et
955 2113 1190 2172 observatione

600 2220 797 2280 medicinae.

252 2375 405 2454 Largius
428 2373 707 2453 Designatianus
731 2375 822 2436 filiis
846 2375 922 2434 suis
946 2372 1098 2434 salutem
1121 2373 1148 2433 d.

283 2515 356 2594 Legi
388 2515 512 2577 antehac
539 2515 729 2595 Hippocratis
756 2515 809 2578 Coi
839 2514 1009 2596 epistulam,
1042 2515 1205 2576 medicinae

195 2607 325 2666 auctoris
353 2603 400 2664 vel
431 2607 618 2686 peritissimi,
651 2623 740 2684 quam
771 2605 808 2666 de
836 2604 946 2665 tuenda
973 2603 1140 2664 valetudine
1168 2604 1204 2664 ad

195 2693 375 2754 Antiochum
398 2711 498 2771 regern
522 2695 679 2772 scripsisse
703 2694 811 2775 sertur3
840 2693 926 2754 cuius
954 2694 1023 2771 quia
1047 2701 1205 2771 praecepta

195 2787 226 2842 et
248 2783 361 2842 monita
383 2781 468 2842 vobis
491 2781 527 2842 ad
552 2781 655 2843 salutis
679 2782 843 2843 custodiam
866 2788 936 2842 nota
964 2798 1118 2861 cuperem,
1146 2780 1203 2840 col-

195 2869 263 2951 legi,
286 2877 320 2930 ut
342 2872 435 2950 potui,
457 2870 601 2950 quidquid
621 2873 729 2932 seriem
747 2873 813 2932 eius
832 2871 986 2931 continere
1004 2871 1204 2951 memineram,
1233 2893 1245 2932 5

196 2975 320 3038 eamque
344 2977 396 3019 ore
415 2957 546 3020 Romano
565 2961 765 3039 interpretans
789 2959 904 3037 scripsi
940 2957 1018 3038 Ceri,
1041 2957 1145 3038 fateor,
1167 2976 1204 3019 ne
1267 2955 1268 2958 ’

196 3046 233 3107 ad
256 3045 380 3108 verbum
402 3047 492 3108 verba
515 3049 716 3129 transferrem,
740 3067 799 3128 quo
818 3049 917 3108 minus
935 3045 1076 3125 pleraque
1095 3045 1204 3125 lingua·

197 3153 264 3195 rum
288 3135 459 3198 diversitate
484 3145 697 3218 congruerent,
724 3138 876 3215 siparum
899 3133 1040 3215 ponderis
1063 3137 1095 3196 in
1118 3137 1204 3214 signi-

268 3289 410 3362 Ineipiunt
424 3287 563 3360 epistulae
578 3289 752 3345 diversorum
766 3288 801 3342 de
816 3287 952 3356 qualitate
968 3289 997 3342 et
1012 3287 1204 3344 observatione

196 3360 361 3417 medicinae.
381 3361 426 3418 Ab
443 3361 486 3417 tis
504 3361 594 3416 verbis
612 3363 695 3417 codes
712 3359 908 3416 Laadoneosis
925 3359 1035 3428 incipit,

270 3439 283 3486 1
308 3437 376 3490 ante
398 3433 471 3488 hanc
494 3436 553 3490 2m.
627 3438 643 3488 2
666 3430 852 3488 valetitudine
876 3435 925 3485 1m
948 3428 1130 3485 valititudine
1148 3435 1205 3488 λοι.

199 3505 312 3558 tserie.
386 3510 498 3562 timore
518 3506 611 3561 littero
628 3522 656 3559 m
675 3519 762 3574 οαρνα
780 3503 881 3557 lineam
899 3501 1005 3559 addito.
1079 3518 1154 3558 cave.
