2636 3790
501 54 716 120 ,23-

95 220 247 279 mationes
270 218 530 296 inportunissimae
553 217 676 296 iactam,
696 234 770 294 quae
794 215 907 278 adiecta
926 217 1021 280 calida
1040 236 1115 297 aqua

96 306 227 386 amplius
250 323 375 366 necesse
395 313 441 366 est
456 307 635 366 excitentur.
668 303 740 366 lude
758 322 831 383 ergo
850 315 954 368 venter
973 306 1115 388 durescit,

95 396 222 456 inflatur
241 394 352 474 pulmc,
372 393 456 472 splen
472 393 664 468 distenditur,
685 395 792 472 pinnae
812 398 902 456 ettam
920 397 1028 458 iecoris
1047 414 1115 474 por·

94 487 254 564 riguntur,
282 483 391 562 quibus
418 489 645 562 coangustatum
671 489 701 544 et
724 489 889 544 coartatum
912 483 951 544 iel
975 485 1114 564 exprimi·

70 583 160 654 stur,
186 591 247 652 quo
271 572 370 632 inluso
393 573 540 650 tinguitur
561 589 670 650 corpus
687 579 720 631 ct
737 571 770 632 fit
788 569 911 632 luteum.
950 571 1024 634 Cum
1043 591 1114 652 ergo
1133 581 1150 632 t

93 663 273 741 pervenerit
304 660 340 720 ad
370 678 405 720 ea
432 659 495 722 loca
523 678 678 738 venarnm;
710 662 742 720 ic
772 677 848 738 quas
875 659 982 740 pocula
1008 660 1114 722 bausta

95 749 300 829 descendunt,
328 749 387 809 duo
411 747 486 810 mala
507 751 621 829 iuncta,
652 749 681 809 id
710 756 756 809 est
779 766 829 808 res
852 751 929 810 acris
951 768 986 810 ac
1010 749 1114 828 dulcis,

94 842 156 899 cito
189 838 340 898 auferunt
359 839 499 917 animam;
532 839 620 898 sicuti
647 845 800 917 petrarum
826 837 994 898 umidarum
1022 837 1114 898 sudor

94 929 158 1007 igni
187 926 344 987 subiectus
371 928 431 986 cito
460 925 637 987 absorbetur
660 925 697 986 ab
720 927 795 1006 igni,
819 933 903 1004 petra
926 935 1026 990 autem
1050 929 1114 1005 ipsa

58 1043 81 1082 ro
95 1024 205 1077 exusta
225 1023 256 1076 et
271 1022 460 1075 concremata
480 1014 600 1093 siongea
624 1015 764 1094 efficitur,
789 1015 867 1076 unde
891 1015 954 1078 calx
979 1015 1024 1078 vel
1043 1034 1113 1096 gyp·

94 1123 163 1166 sum
187 1104 356 1164 conficitur.
392 1103 435 1163 lta
456 1102 555 1163 calore
579 1102 707 1164 febrium
725 1105 903 1182 excoquitur
922 1107 1026 1166 vitium
1046 1123 1113 1166 cru-

94 1194 199 1255 ditatis
220 1191 414 1271 ciborumque
434 1194 595 1270 congestio.
620 1191 735 1263 Quibus
753 1195 939 1272 consumptis
954 1203 984 1256 et
998 1196 1112 1256 exustis

92 1282 205 1361 frigida
230 1283 294 1341 sine
318 1280 408 1342 dnbio
432 1280 674 1358 superfundendo
692 1289 747 1362 cst,
771 1300 808 1342 ne
827 1286 946 1361 penitus
967 1291 1111 1345 arescant.

92 1371 171 1432 Nam
195 1371 338 1430 nimirum
361 1371 507 1450 aestimas,
531 1388 548 1428 o
572 1369 649 1430 bone
672 1372 842 1451 imperator,
866 1370 990 1433 calidam
1013 1380 1043 1433 et
1062 1373 1112 1434 iri-

54 1460 195 1539 segidam
220 1457 394 1519 mortalibus
417 1457 562 1519 inclusam
586 1477 652 1519 csse
676 1458 861 1540 corporibus,
885 1479 955 1521 cum
978 1460 1111 1540 singulae

91 1567 145 1610 res
169 1550 321 1626 propriam
344 1545 472 1607 habeant
496 1555 640 1608 naturam.
677 1547 756 1626 Ignis
779 1551 887 1628 ignem,
910 1567 986 1628 aqua
1005 1567 1111 1628 aquam

92 1636 262 1716 desiderat;
290 1635 342 1696 scd
366 1635 402 1696 ad
425 1635 532 1696 bertam
555 1636 734 1715 iungendam
758 1639 930 1698 societatem
953 1639 1014 1698 sive
1038 1645 1111 1698 tem·

92 1726 263 1805 percutiam
290 1724 507 1804 procurandam
536 1725 676 1786 silvarum
704 1727 842 1786 materies
865 1724 1038 1804 lignumque
1062 1725 1111 1785 de-

92 1816 245 1894 poscitur,
278 1814 357 1892 quod
386 1821 416 1873 et
443 1815 538 1874 nutrit
570 1831 604 1874 ac
637 1815 761 1874 suscitat
789 1821 820 1874 et
847 1814 925 1891 rapit
954 1815 1053 1892 ignem
1080 1822 1111 1876 ct

52 1925 78 1966 so
93 1903 236 1982 frigidam
260 1904 349 1962 vertit
371 1904 401 1962 in
425 1901 563 1983 calidam3
587 1902 639 1962 sed
663 1919 722 1962 non
745 1903 786 1962 ita
807 1903 838 1961 in
857 1900 944 1962 nobis
963 1909 1009 1962 est
1027 1921 1110 1964 coae-

93 1991 257 2072 quandum.
281 1991 390 2069 Accipe
412 1992 512 2071 igitur,
536 1992 726 2052 serenissime
750 1991 920 2069 imperator,
944 1990 1022 2070 quod
1042 1998 1146 2051 con-t

92 2082 220 2142 veniens
248 2078 334 2139 nobis
362 2087 484 2158 putetur
512 2078 694 2158 exemplum:
727 2077 910 2140 thermarum
937 2078 1051 2140 scilicet
1074 2078 1110 2140 ab

92 2188 126 2230 se
151 2167 316 2229 calidarum
338 2169 441 2228 mixtio
465 2175 637 2249 temperata,
660 2167 712 2228 ubi
735 2185 790 2229 nec
813 2169 891 2246 ignis
913 2168 1031 2230 videtur
1054 2186 1110 2230 neo

92 2258 211 2337 lignum
239 2258 423 2336 suggeritur,
450 2257 509 2316 nisi
536 2275 627 2334 vapor
654 2256 736 2318 solus
764 2265 868 2336 sponte
894 2259 1052 2320 coniicitur
1079 2265 1110 2320 et

54 2369 78 2409 ss
93 2365 146 2408 aer
170 2345 285 2406 calidus
309 2347 372 2405 sine
395 2344 496 2404 labore
520 2347 657 2407 sentitur.
693 2344 797 2406 Nonne
820 2345 879 2406 duo
903 2364 996 2408 unum
1017 2343 1110 2409 sunt?

94 2445 125 2496 et
155 2434 273 2496 diversa
300 2442 388 2512 atque
417 2436 565 2494 contraria
590 2436 719 2494 invicem
743 2431 890 2512 prosunt?
920 2436 1018 2497 divina
1041 2455 1108 2515 pro·

93 2525 227 2585 videntia
256 2521 367 2584 salubri
394 2524 591 2601 permistione
619 2541 653 2583 ac
681 2526 825 2602 temperie
853 2533 1011 2602 procurata
1036 2543 1109 2586 non·

93 2611 208 2674 nullam
228 2611 404 2690 corporibus
422 2610 577 2672 abluendis
597 2614 751 2674 sanitatem
769 2621 922 2691 praestant
940 2621 1109 2693 competen-

93 2711 218 2780 temque
241 2700 417 2760 medicinam
441 2699 618 2778 praebentes
641 2703 737 2762 varios
761 2699 918 2780 languores
942 2720 958 2761 a
978 2703 1108 2780 cerpori-

57 2811 80 2852 ao
93 2790 153 2852 bus
172 2787 340 2850 mortalium
360 2785 497 2867 pellunt?
529 2787 608 2850 llaec
627 2808 694 2850 cnm
710 2792 750 2850 ita
766 2792 833 2871 sint,
854 2789 928 2850 nibil
944 2790 1025 2852 aliud
1040 2809 1109 2852 reor

92 2877 272 2940 mortalibus
295 2876 497 2955 praebendum
521 2879 580 2938 nisi
603 2877 632 2937 id
658 2878 749 2957 quod,
773 2897 841 2939 cum
865 2879 976 2939 intirmi
999 2887 1107 2954 essent,

93 2967 341 3028 desideraverunt
368 2973 398 3026 et
426 2964 556 3026 oblatum
582 2965 642 3030 sihi
668 2967 816 3046 proluisse
846 2976 1013 3030 senserunt.
1054 2967 1108 3028 llis

92 3075 166 3136 ergo
190 3063 318 3134 utamur,
342 3053 450 3134 quibus
474 3072 577 3118 sumus
597 3054 672 3116 bene
691 3059 807 3134 experti
825 3064 855 3117 et
873 3075 1001 3136 quorum
1020 3056 1108 3116 bene·

92 3147 162 3207 ticio
186 3145 341 3204 consecuti
364 3161 467 3204 sumus
490 3143 649 3222 optabilem
672 3145 836 3208 sanitatem.
874 3145 948 3205 Nam
972 3143 1108 3206 similiter
1127 3150 1143 3200 8

165 3357 182 3406 3
202 3348 305 3420 pinnae
324 3355 372 3404 ira
388 3365 500 3419 pennae
518 3352 575 3404 zm.
645 3355 658 3402 7
678 3347 708 3402 id
727 3351 780 3419 esi]
800 3349 873 3404 inde.
938 3354 969 3400 10
989 3347 1107 3416 spongia

91 3441 126 3480 ccc
145 3421 264 3492 sfongea
282 3437 350 3476 corr.
425 3425 457 3473 12
477 3418 600 3474 exaustis
618 3424 676 3474 im.
750 3425 784 3472 22
804 3435 821 3472 a
839 3434 872 3472 ex
891 3417 926 3470 ab
946 3432 1014 3473 cort.
