2518 3806
479 158 718 222 —347-

85 327 122 381 ut
149 320 238 380 modo
267 319 388 399 glutinis
411 319 616 398 adhaerescat,
645 322 732 398 pueri
760 339 830 381 vero
854 324 1047 384 continentur
1069 325 1101 384 in

85 409 207 490 lectulo,
231 409 324 470 donec
349 411 445 470 omnis
469 409 624 488 turpitudo
648 411 836 487 reprimatur.

178 498 354 578 Cyclaminis
378 516 483 559 sucum
502 497 588 558 melle
607 497 695 576 Lycio
719 497 882 577 aequaliter
905 499 1045 560 miscebis
1069 512 1098 562 et
1118 515 1150 564 66

85 587 156 648 inde
176 587 340 666 pendentes
359 586 512 648 testiculos
531 585 649 668 inlines,
672 589 815 664 optimum
840 587 935 648 lertur
954 607 1020 649 esse
1039 607 1098 650 me·

55 675 231 737 sdicamen.

177 765 216 826 Ut
243 764 413 825 eunuchum
442 766 505 824 sine
533 764 612 823 terro
640 763 743 844 facias,
774 763 890 824 radices
918 767 1033 826 cicutae
1063 784 1099 826 ex
1119 777 1152 828 62

85 863 171 914 aceto
195 863 274 914 teres
298 860 328 914 et
350 852 420 913 inde
443 851 597 913 testiculos
621 853 801 931 spississime
820 853 937 931 inlines,
961 861 1024 914 tum
1044 853 1098 914 lin-

29 971 31 976 ·
85 942 198 1003 teolum
226 960 316 1022 supra
340 940 457 1022 ligabis,
485 959 522 1001 ne
547 940 663 1002 excidat
686 940 878 1001 medicamen.
920 941 983 1002 lloc
1007 961 1098 1022 qnan-

85 1037 151 1091 tum
175 1029 373 1092 tenerioribus
392 1029 556 1090 infantibus
575 1029 691 1110 leceris,
715 1037 823 1090 eventu
844 1031 1010 1091 efficaciore
1029 1049 1098 1110 pro-

43 1122 194 1180 1oveniet.
235 1117 334 1179 Herba
358 1127 417 1198 est,
446 1136 520 1197 quae
545 1118 655 1178 Graece
682 1118 858 1199 nymphaea,
886 1118 990 1180 Latine
1018 1120 1097 1180 clava
1117 1131 1151 1179 66

84 1207 232 1290 Herculis,
256 1207 365 1268 Gallice
389 1207 497 1268 baditis
517 1206 695 1287 appellatur3
717 1208 782 1268 eius
801 1207 885 1268 radix
903 1208 1099 1269 contunditur

86 1305 116 1357 et
139 1316 175 1358 ex
199 1305 282 1358 aceto
302 1296 416 1357 edenda
435 1295 522 1356 datur
540 1313 633 1374 puero
652 1313 706 1374 per
726 1298 882 1357 continuos
902 1296 1004 1358 decem
1024 1298 1096 1378 dies,

84 1386 252 1447 mirandum
275 1389 306 1446 in
329 1385 449 1446 modum
473 1385 524 1444 fiet
547 1384 710 1445 eunuchus

174 1474 337 1555 Mulierem,
361 1492 448 1552 quam
467 1480 501 1534 tu
519 1471 669 1552 habueris,
692 1481 726 1533 ut
744 1491 906 1552 numquam
925 1473 1000 1534 alius
1020 1476 1095 1534 inire
1115 1485 1150 1534 64

44 1579 71 1621 15
85 1564 193 1642 possit,
222 1563 312 1622 facies
339 1561 409 1622 hoc:
450 1561 590 1621 lacertae
619 1560 721 1620 viridis
749 1563 830 1620 vivae
860 1563 979 1621 sinistra
1007 1580 1096 1622 manu

86 1651 209 1712 caudam
239 1649 370 1710 curtabis
399 1667 522 1727 eamque
551 1650 645 1708 vivam
669 1648 815 1728 dimittes,
842 1649 977 1729 caudam,
1001 1649 1096 1710 donec

84 1741 271 1819 inmoriatur,
295 1737 397 1798 eadem
419 1737 516 1816 palma
539 1737 668 1798 clausam
688 1736 804 1797 tenebis
823 1744 853 1798 et
870 1736 1028 1798 mulierem
1046 1757 1095 1798 ve-

85 1828 236 1906 rendaque
260 1828 333 1908 eius,
358 1827 427 1887 dum
452 1844 520 1887 curm
544 1844 578 1886 ea
601 1827 673 1906 cois,
696 1833 792 1904 tange.

175 1915 206 1976 Si
231 1934 318 1995 quern
343 1915 378 1976 ad
402 1933 489 1975 usum
513 1916 666 1974 venerium
691 1914 841 1975 infirmum
867 1913 1148 1997 νο1666166666,66

42 2025 69 2065 so
86 2004 266 2084 ubicumque
294 2006 447 2083 minxerit,
479 2021 569 2082 supra
601 2003 705 2064 lotium
737 2005 802 2063 eius
830 2003 958 2086 obicem,
990 2005 1020 2065 id
1050 2015 1096 2066 est

85 2094 256 2173 credonem,
280 2111 316 2153 ex
340 2111 396 2154 usu
420 2094 501 2170 liges.

173 2182 212 2242 Ut
235 2181 326 2242 rebus
349 2183 477 2242 veneriis
501 2188 587 2258 aptus
611 2183 665 2260 sis,
694 2182 781 2258 piper
809 2183 912 2241 tritum
936 2199 1004 2242 cum
1028 2182 1147 2243 616666

85 2263 114 2332 et
136 2271 222 2331 melle
246 2271 339 2330 misce
362 2279 392 2330 et
415 2287 483 2329 cum
507 2271 587 2329 coire
612 2267 699 2348 voles,
723 2268 851 2329 verenda
875 2269 930 2329 tibi
952 2270 1051 2330 inline.

173 2359 286 2419 Nocere
311 2375 398 2437 posse
422 2357 539 2417 leminis
559 2357 670 2437 dicunt,
694 2358 719 2416 si
739 2358 806 2435 quis
827 2356 1027 2419 membranam
1047 2361 1094 2420 ori
1114 2370 1146 2420 66

44 2465 71 2507 eu
84 2447 188 2508 balano
212 2465 266 2507 suo
289 2448 405 2524 ingerat
428 2453 459 2506 et
482 2463 550 2506 cum
573 2446 681 2505 femina
704 2453 796 2505 coeat.

173 2536 206 2595 Si
231 2553 319 2614 quem
348 2537 428 2596 coire
457 2533 540 2595 noles
564 2534 687 2613 fierique
712 2535 815 2612 cupies
838 2535 868 2593 in
892 2553 950 2595 666
973 2538 1094 2596 venerio
1113 2547 1146 2596 66

85 2625 252 2704 tardiorem,
271 2624 307 2685 de
327 2623 457 2704 lucerna,
477 2641 552 2702 quae
571 2631 676 2702 sponte
696 2625 896 2702 extinguetur,
919 2624 1025 2702 fungos
1044 2625 1093 2686 ad·

84 2714 142 2774 huc
165 2715 297 2773 viventes
320 2714 351 2774 in
374 2714 495 2790 potione
515 2713 579 2772 eius
598 2713 737 2790 extingue
756 2709 974 2791 bibendamque
997 2715 1091 2774 inscio

84 2801 175 2882 trade,
199 2801 356 2862 confestim
380 2800 578 2862 enervabitur.

43 2908 70 2949 66
172 2888 205 2950 Si
219 2909 308 2970 quem
323 2889 403 2950 voles
418 2897 602 2969 pernoctem
618 2907 686 2948 cum
700 2889 809 2950 semina
823 2891 904 2949 coire
919 2907 978 2950 non
995 2909 1092 2972 posse,
1112 2902 1145 2952 69

84 2977 226 3057 pistillum
246 2986 418 3040 coronatum
439 2978 495 3040 sub
513 2977 592 3038 lectu
611 2976 690 3038 illius
708 2996 794 3056 pone.
832 2977 941 3037 Semen
960 2978 1091 3039 lactucae
1112 2991 1145 3042 ‘10

84 3069 186 3128 tritum
210 3085 246 3128 ex
270 3085 344 3146 aqua
368 3075 472 3146 potum
495 3068 627 3144 vigorem
650 3068 747 3127 coitus
771 3074 900 3126 enervat.

171 3155 300 3216 Naturae
329 3158 390 3216 sive
414 3164 530 3215 veretro
554 3154 631 3214 virili
654 3154 818 3215 remedium
843 3155 946 3214 efficax
970 3156 1021 3214 sic.
1060 3153 1092 3215 Si
1111 3168 1144 3217 71

83 3245 113 3304 in
131 3255 249 3306 veretro
273 3262 389 3304 summo
408 3243 507 3304 clavus
526 3251 613 3303 natus
633 3243 723 3303 luerit
741 3242 853 3303 habens
873 3241 981 3302 callum
999 3261 1090 3321 puru-

171 3449 343 3520 lgluttinis.
420 3449 628 3520 treprimetur.
706 3447 836 3504 6166166.
915 3453 947 3502 11
967 3447 1091 3519 nimphe.

31 3603 32 3606 Ἴ
86 3525 118 3574 68
136 3521 222 3591 cogis.
296 3527 329 3577 20
348 3521 476 3576 muxerit.
550 3526 583 3576 et
603 3521 678 3576 lectu
697 3521 770 3592 (sich
788 3519 864 3576 lecto
885 3517 1044 3577 Cornoriue.
