2564 3794
540 95 802 160 -140--

151 259 188 320 ad
207 258 393 338 paralyticos,
412 258 448 319 ad
468 277 528 340 eos,
547 259 600 336 qui
618 276 654 318 ex
673 258 860 318 incommodo
880 264 1021 336 tremunt,
1041 256 1076 316 ad
1096 275 1165 317 nes-

151 350 236 428 ciam,
260 347 296 407 ad
319 347 507 426 hydropicos,
530 347 566 406 ad
590 346 834 426 opisthotonicos,
857 346 894 406 ad
917 345 1027 424 pedum
1048 345 1165 405 subitos

151 436 268 496 dolores
293 435 340 495 vel
362 435 538 514 gravidines,
561 435 598 495 ad
621 435 723 512 longas
746 437 895 495 viscerum
918 452 1023 494 causas
1047 433 1092 493 vel
1113 434 1166 494 do·
1264 483 1265 508 ,

150 525 242 600 loros,
273 523 309 584 ad
338 523 498 604 pthisicos,
526 523 562 583 ad
587 523 728 600 inediam,
756 523 791 583 ad
820 523 919 603 lienis,
947 523 984 584 ad
1012 523 1106 601 epatis
1134 531 1167 583 et
1264 529 1265 608 l

151 613 187 674 ad
207 615 416 673 intestinorum
440 612 567 690 dolores,
591 610 626 671 ad
651 612 791 672 duritiam
815 630 932 690 quoque
957 613 1051 690 epatis
1072 611 1197 671 rasel-c
1264 615 1265 698 l

150 701 284 782 vendam,
308 701 344 761 ad
363 708 466 779 partus
488 699 695 781 extrahendos,
719 701 771 780 qni
795 708 862 760 ante
882 703 1081 760 maturitatem
1102 699 1166 760 lue·
1264 765 1265 768 ,

104 842 106 846 ,
151 793 212 850 rint
236 791 360 869 enecati,
385 797 415 850 et
438 789 556 868 siquid
580 796 648 867 post
671 796 789 868 partum
808 789 955 848 resederit
974 787 1167 850 evocandum.
1264 783 1265 858 J

150 878 235 949 Quod
254 878 502 938 medicamentum
522 877 559 937 ab
577 875 761 957 Eutychiana
781 877 929 937 archiatro
953 879 1082 955 primum
1106 884 1166 937 tra·

151 968 244 1028 ditum
268 967 372 1026 fertur.
419 965 510 1026 Cultus
534 966 695 1044 descriptio
724 964 804 1026 talis:
842 965 973 1026 Storacis
1001 961 1079 1044 drag.
1103 963 1167 1046 llll,

150 1057 204 1115 iris
214 1054 346 1132 illyricae
357 1051 437 1132 drag.
446 1053 508 1134 llll,
521 1054 690 1134 hyoscyami
701 1052 780 1132 drag.
790 1054 811 1134 l,
826 1056 1004 1134 opopanacis
1014 1049 1094 1131 drag.
1103 1051 1167 1136 llll,
1182 1074 1212 1113 10

150 1159 266 1221 myrrae
281 1140 487 1220 troglodytidis
502 1143 581 1221 drag.
596 1141 659 1222 llll,
676 1145 790 1203 resinae
806 1143 1022 1202 terebinthinae
1037 1142 1116 1220 drag.
1131 1143 1167 1224 ll,
1264 1151 1265 1196 ξ

150 1231 263 1309 piperis
291 1228 350 1288 albi
377 1227 458 1306 drag.
481 1229 548 1310 Xll,
576 1230 713 1290 afronitri
741 1228 821 1308 drag.
847 1229 901 1311 Xl,
928 1233 990 1310 opii
1017 1227 1097 1310 drag.
1117 1230 1167 1312 Xl,

151 1317 269 1396 galbani
283 1313 362 1396 drag.
377 1317 439 1378 llll.
467 1317 547 1378 llaec
566 1319 663 1377 omnia
682 1318 907 1396 diligentissime
921 1327 1018 1401 tunsa,
1037 1321 1167 1381 cribrata
1264 1343 1265 1352 2

152 1415 182 1467 et
209 1408 292 1486 trita,
321 1414 355 1466 ut
382 1408 564 1485 permiscere
593 1423 625 1466 se
649 1409 777 1484 possint,
803 1425 878 1486 aquia
902 1409 995 1468 nitida
1017 1409 1049 1468 in
1073 1427 1167 1470 unum
1264 1403 1265 1406 '

152 1494 282 1572 colliges,
305 1497 346 1555 ita
370 1503 405 1556 ut
428 1503 574 1556 storacem
598 1504 627 1554 et
650 1494 807 1572 galbanum
831 1499 990 1574 separatim
1009 1505 1077 1558 ante
1096 1516 1166 1558 oon·
1182 1516 1212 1557 rs
1264 1575 1265 1578 Ἴ

151 1583 272 1664 tundas3
305 1602 381 1663 quae
415 1583 503 1644 simul
533 1583 656 1644 confusa
688 1602 764 1662 aqua
794 1583 914 1662 colliges
943 1592 973 1645 et
1000 1585 1168 1646 trochiscos
1264 1589 1265 1652 i

151 1673 187 1733 ad
211 1691 383 1733 mensuram
407 1673 485 1733 oboli
509 1673 599 1732 facies
623 1679 744 1733 etcum
769 1675 971 1734 necessarium
998 1675 1102 1756 luerit,
1131 1693 1168 1735 cx

152 1780 227 1840 aqua
247 1761 341 1822 calida
359 1761 504 1822 bibendos
524 1761 607 1821 dabis
623 1779 691 1821 cum
706 1761 819 1840 cyathis
835 1761 932 1822 tribus
946 1769 1058 1846 ternos,
1077 1771 1169 1842 prout

151 1857 231 1910 aetas
255 1859 307 1911 atrt
329 1852 424 1911 virtus
448 1851 546 1910 luerit.

580 2043 658 2104 CAP.
680 2043 739 2104 XV.

150 2157 206 2212 Ad
228 2155 385 2224 anginam
406 2155 463 2210 vel
486 2155 681 2222 synanchen
706 2157 741 2210 et
763 2157 912 2210 strumae
940 2157 974 2210 et
995 2157 1169 2226 parotidas
1264 2139 1265 2148 ἵ

151 2247 186 2299 et
208 2247 363 2299 reumata
390 2247 426 2298 et
448 2243 628 2310 glandulas
651 2243 708 2298 vel.
729 2242 861 2298 tosillas
889 2246 923 2298 et
945 2245 991 2298 ad
1014 2259 1054 2301 ea
1077 2260 1167 2315 quaa

150 2331 310 2388 faucibus
332 2332 504 2387 haeserint
527 2332 700 2386 evocanda
723 2331 873 2386 remedia
894 2332 1108 2390 rationabilia
1132 2338 1167 2391 et

346 2419 488 2489 physica
506 2419 639 2475 diversa
657 2421 700 2475 de
721 2419 972 2488 experimentis.

117 2570 132 2616 1
240 2555 372 2634 Anginae
392 2556 514 2634 prodest
533 2557 685 2633 sanguinis
703 2555 856 2637 detractio,
876 2557 1098 2618 cucurbitarum
1116 2559 1166 2620 ad·
1181 2577 1212 2617 ao

151 2643 257 2704 bibitio
282 2652 441 2722 ceteraque
461 2641 578 2723 auxilia,
602 2643 710 2722 quibus
729 2645 838 2704 medici
856 2645 1006 2706 efficacius
1025 2657 1166 2728 utuntur3

151 2733 365 2794 medicamenta
394 2740 493 2792 autem
521 2731 665 2810 simplicia
692 2732 765 2793 haec
798 2741 879 2794 recte
912 2734 1037 2796 faciunt:
1073 2735 1166 2796 Laser

151 2820 345 2900 Cyrenaicum
374 2840 450 2900 aqua
478 2820 605 2880 dilutum
634 2823 764 2881 crassius
796 2839 851 2899 per
878 2825 999 2902 pinnam
1029 2823 1165 2884 faucibus

152 2909 316 2970 adhibitum
340 2909 385 2969 vel
409 2909 607 2988 euphorbium
636 2928 711 2988 aqua
738 2909 868 2974 dilutum
896 2911 1032 2972 similiter
1054 2913 1165 2991 inposi-

115 3004 223 3058 2tum.
257 2997 501 3077 Conpositionum
525 3007 624 3058 autem
647 2998 720 3058 haec
744 3005 815 3058 sunt
834 3006 914 3078 apta:
937 2999 1027 3060 Fellis
1046 3003 1165 3083 taurini,
1180 3019 1211 3059 as

222 3168 413 3239 hydropicos.
503 3168 576 3222 tad
594 3167 688 3240 lienis]
709 3167 755 3222 vel
771 3168 861 3223 lienis.
947 3170 1039 3239 aperis
1058 3173 1122 3226 item
1140 3177 1165 3226 ὅ.

150 3241 331 3295 9storachis.
423 3246 457 3295 10
474 3239 618 3310 yosciami.
711 3244 742 3292 11
762 3240 962 3295 terebentinae.
1051 3246 1084 3296 14
1104 3259 1166 3311 per-

149 3309 267 3367 miscere
286 3311 329 3383 se]
347 3311 510 3382 permisceri
529 3310 603 3366 inter
621 3326 651 3364 se
672 3309 831 3364 Ooruare'ua
906 3317 938 3364 15
957 3313 1124 3367 storachem.

220 3385 263 3440 tt't.
283 3383 453 3438 einanchem.
527 3383 562 3436 ad
581 3389 644 3437 cote
663 3397 697 3436 ea
715 3397 765 3435 om.

135 3486 139 3494 ·
221 3460 255 3508 23
275 3455 453 3523 cyrinaicum.
525 3459 560 3507 24
579 3452 724 3509 adhibitur
742 3452 811 3522 (sic).
