2528 3814
496 93 738 158 -301-

198 256 328 317 Rafanus
351 259 382 316 in
405 263 506 334 partes
530 255 637 316 multas
659 261 777 315 secatur
796 262 825 315 et
845 253 904 314 sale
923 255 1123 316 minutissimo
1143 266 1176 315 69

110 347 295 424 inspergitur
318 363 446 425 cumque
470 344 522 406 diu
540 347 581 404 ita
600 343 806 424 permanserit,
830 361 955 404 excusso
975 343 1035 404 sale
1055 361 1123 404 cum

110 433 239 512 oxymeli
265 434 462 495 manducatur
490 442 520 494 et
547 450 637 511 supra
664 449 740 511 aqua
768 433 881 492 marina
908 439 1041 514 potatur,
1068 432 1123 493 hae

110 539 160 582 res
178 523 292 582 vomitu
310 524 400 583 citato
420 520 605 583 stomachum
624 520 819 581 saluberrime
838 527 975 600 purgant.
1008 520 1123 600 Cymini
1143 534 1176 582 70

82 625 95 666 s
110 609 278 688 Aethiopici
297 613 488 689 semunciam,
507 610 589 670 floris
608 611 681 670 nitri
699 611 881 670 semunciam
899 627 934 669 ex
949 611 1016 669 vino
1031 611 1123 670 mixto

111 698 195 759 dabis
218 698 336 780 bibere,
360 707 575 778 praesentaneo
598 699 731 759 remedio
755 697 914 759 subvenies
937 699 1050 758 ventris
1074 699 1124 759 do·

109 787 168 847 lori
196 787 242 846 vel
270 789 363 848 strolo
391 788 546 849 laboranti.
587 787 709 848 Filicem
737 789 769 847 in
796 784 927 866 qualibet
950 785 1055 848 arbore
1079 789 1123 847 in·
1144 800 1175 848 11

109 870 209 935 natam
232 876 323 936 avelle
346 879 400 958 ita,
428 895 465 937 ne
489 885 600 937 terram
622 883 735 956 tangat,
764 883 794 936 et
817 875 929 936 dolenti
951 877 1031 946 inter
1054 893 1123 936 ven-

109 971 185 1024 trem
210 972 240 1024 et
263 964 391 1026 fasceam
413 984 500 1044 pone,
522 965 591 1026 ilico
615 967 727 1025 ventris
751 963 852 1024 dolore
876 963 1064 1025 relevabitur.

69 1069 95 1108 ιο
199 1053 244 1112 Ad
272 1071 374 1114 rosum
401 1056 514 1114 ventris
537 1061 731 1133 praecantum
761 1052 972 1114 utillissimum.
1018 1052 1123 1114 Manus
1143 1066 1176 1113 72

110 1143 249 1202 sinistrae
277 1142 413 1222 pollicem
442 1161 532 1220 supra
561 1149 695 1202 ventrem
717 1159 835 1220 premes
862 1148 892 1201 et
916 1141 1011 1202 dices:
1039 1142 1124 1203 adam

109 1229 216 1290 bedam
244 1230 319 1292 alam
342 1230 430 1292 betur
453 1231 528 1291 alam
551 1230 663 1292 botum.
700 1229 763 1290 Hoc
787 1247 855 1290 oum
879 1231 981 1290 novies
1005 1231 1124 1312 dixeriS,

109 1327 221 1380 terram
249 1321 353 1382 eodem
380 1319 487 1400 pollice
516 1327 620 1398 tanges
648 1327 678 1379 et
705 1337 795 1398 spues
818 1337 998 1398 rursumque
1022 1323 1124 1380 novies

111 1415 141 1466 et
168 1409 278 1469 iterum
300 1411 423 1470 tertium
447 1411 549 1469 novies
572 1408 654 1468 dices
681 1419 787 1486 snper
809 1425 938 1468 novenas
961 1410 1042 1468 vices
1065 1419 1123 1469 ter·

70 1510 97 1552 15
111 1513 174 1555 ram
194 1499 347 1574 continges
366 1506 397 1558 et
415 1516 537 1575 expues.
570 1496 633 1556 Hoc
652 1513 722 1555 vero
736 1503 929 1574 praecantum
945 1504 974 1556 et
988 1496 1123 1556 homines
1144 1509 1176 1558 13

111 1583 205 1644 strolo
224 1583 270 1644 vel
288 1602 360 1644 rosu
379 1585 547 1645 laborantes
567 1593 597 1644 et
616 1586 748 1644 iumenta
766 1582 917 1663 relevabit,
941 1586 967 1644 si
988 1583 1124 1644 adhibea-

110 1679 161 1732 tur
189 1674 241 1732 sio.
282 1671 386 1732 Manus
414 1673 516 1751 planas
544 1689 635 1750 super
662 1689 750 1730 renes
778 1689 871 1748 pones
899 1679 930 1731 et
957 1672 1038 1732 dices
1064 1681 1124 1734 ter:

111 1759 252 1821 alabanda
270 1759 405 1821 alabandi
423 1761 545 1821 alambo.
583 1759 658 1821 Cum
675 1762 717 1820 ita
735 1759 855 1839 dixeriS,
879 1762 1000 1838 supinas
1019 1779 1124 1822 manus

111 1847 166 1908 sub
181 1856 284 1908 ventre
302 1851 367 1910 eius
380 1867 473 1929 pones
490 1857 520 1910 et
533 1851 643 1910 iterum
656 1848 735 1909 idem
752 1848 833 1908 dices
848 1845 893 1908 vel
906 1849 991 1926 prius
1006 1867 1124 1910 aversas

69 1953 96 1994 eo
110 1954 216 1998 manus
239 1937 295 1998 sub
314 1946 417 1999 ventre
439 1941 503 1998 elus
522 1955 615 2019 pones
634 1944 751 1997 etcum
770 1943 818 1996 ter
837 1936 957 2016 dixeris,
980 1937 1017 1997 ad
1036 1956 1124 1998 renes

111 2025 213 2104 planas
237 2045 342 2086 manus
365 2045 458 2105 pones
486 2035 516 2088 et
538 2033 585 2086 ter
607 2032 798 2104 praecantato
826 2024 890 2084 loco
918 2017 1040 2086 rur'sum
1067 2026 1124 2086 sub

113 2121 215 2175 ventre
239 2133 344 2176 manus
368 2115 500 2195 perferes
524 2122 554 2175 et
576 2115 655 2174 idem
678 2115 767 2174 tertio
791 2113 881 2174 dices,

199 2203 275 2264 Item
297 2202 333 2263 ad
354 2221 442 2264 rosus
462 2211 522 2264 tam
540 2203 693 2263 hominum
713 2221 801 2281 quam
820 2205 1021 2262 iumentorum
1039 2219 1123 2280 prae·
1143 2215 1177 2265 74
1218 2277 1220 2282 Ι

10 2355 11 2366 ,
112 2294 240 2353 cantatio
260 2295 311 2352 sic.
341 2291 451 2352 Pollice
470 2294 591 2352 sinistro
611 2299 641 2351 et
659 2290 775 2351 duobus
795 2287 925 2350 minimis
940 2289 1041 2368 digitIs
1056 2309 1123 2351 ven·

10 2417 12 2458 3
71 2388 98 2430 25
112 2387 190 2459 trem
214 2381 381 2441 confricans
405 2381 499 2442 dices:
523 2378 626 2440 Stabat
649 2378 738 2439 arbor
761 2382 792 2438 in
814 2379 912 2438 medio
932 2395 1013 2438 mare
1035 2387 1065 2440 et
1083 2378 1125 2441 ibi

10 2461 11 2466 ’
111 2468 260 2547 pendebat
287 2469 375 2530 situla
398 2469 484 2547 plena
506 2463 717 2529 intestinorum
739 2467 950 2547 humanorum,
978 2476 1040 2528 tres
1067 2471 1124 2528 vir-

10 2567 12 2574 ·
111 2559 195 2634 gines
223 2557 432 2638 circumibant,
460 2557 535 2618 duae
558 2555 729 2637 alligabant,
756 2573 815 2616 una
842 2555 1018 2616 revolvebat.
1061 2555 1124 2617 lloc

10 2629 13 2686 ἶ
111 2654 159 2705 ter
186 2645 268 2706 dices
297 2654 326 2706 et
354 2656 400 2707 ter
432 2647 498 2724 pari
529 2645 617 2705 modo
650 2653 730 2705 terra
763 2652 897 2705 contacta
926 2659 1065 2723 expues.·
1093 2645 1124 2705 Si

12 2726 14 2821 ζ
111 2736 244 2794 iumenta
268 2734 454 2816 carminabls,
476 2736 685 2795 intestinorum
709 2733 890 2794 molinorum
913 2733 961 2792 vel
979 2751 1124 2812 equorum

13 2834 15 2858 1
72 2821 159 2882 ³⁰vel
182 2825 333 2883 asinorum
357 2823 446 2884 dices

202 2975 356 3030 tvomito.
464 2976 572 3030 scitoto.
679 2974 834 3030 stomacho.
943 2974 1122 3028 ierborem.

14 3084 16 3097 .
112 3053 129 3100 8
148 3046 240 3101 avelle
257 3044 300 3100 ita
319 3062 355 3100 ne
372 3047 484 3116 scripsi:
507 3045 643 3100 avallone.
725 3051 740 3098 9
760 3045 845 3099 illico.
927 3051 961 3098 13
980 3043 1124 3112 pollicem.

14 3126 16 3187 ξ
115 3123 147 3171 16
165 3133 232 3172 rosu
251 3119 363 3187 scripsi:
385 3133 457 3172 roso.
550 3122 582 3172 17
602 3115 679 3172 dicis.
772 3122 805 3170 19
825 3115 903 3169 dicis.
961 3119 1027 3168 125
1047 3129 1124 3167 mere

113 3189 182 3258 (sie).
256 3193 290 3242 26
309 3188 407 3242 sidula.
