2564 3794
467 115 707 178 -109-

83 277 210 354 largiore
230 283 337 355 potata,
361 277 457 354 capite
476 284 506 336 et
524 275 646 336 naribus
669 293 725 336 nec
748 278 848 336 minus
867 295 918 337 ore
938 276 1095 356 diligenter

81 373 200 444 opert03
228 382 283 424 nec
312 382 372 423 non
395 365 557 424 tomentum
586 383 621 424 ex
646 382 739 443 aquae
768 363 878 425 calidae
908 383 1014 444 vapore
1042 383 1096 444 per

81 470 227 532 spongeas
254 451 358 512 molles
385 452 526 512 adhihere
554 461 636 512 extra
665 451 827 533 oportebit,
854 453 979 514 subinde
1007 455 1095 514 etiam

81 543 265 620 gargarizare
289 540 334 601 lac
357 541 490 619 tepidum
519 549 569 602 aut
596 559 731 601 umorem
759 543 872 602 tisanae
900 551 951 602 aut
980 560 1095 623 aquam,

55 633 111 690 sin
136 648 194 708 qua
217 629 349 690 furfures
372 629 498 706 siliginis
522 629 735 704 deferbuerint,
759 629 806 690 vel
829 648 935 709 aquam
954 649 990 690 ex
1009 630 1094 690 iaeno

81 737 188 796 graeco
203 718 363 778 decoctam.
394 717 632 778 Sorbitiuncuiae
647 738 766 798 quoque
780 727 915 798 prosunt,
930 737 1005 797 quae
1020 718 1096 779 hunt
1117 733 1148 782 18

81 827 116 866 ex
141 806 239 866 amulo
264 805 309 866 vel
333 808 426 866 tisana
451 806 496 866 vel
518 826 612 886 oryza.
658 808 702 867 Ad
727 807 826 868 ulcera
850 809 881 866 in
905 805 1027 867 naribus
1051 821 1148 868 se-1tt

82 895 176 954 danda
195 894 309 974 piumbi
328 902 454 976 stercus,
474 896 553 974 quod
573 898 689 956 scorian
709 896 820 976 dicunt,
839 914 876 956 ex
895 897 963 955 rino
982 902 1095 974 myrteo

19 1021 20 1074 y
82 983 146 1044 oleo
165 982 279 1043 vicibus
299 983 413 1044 adiecto
432 986 491 1045 teri
509 992 636 1064 oportet,
659 983 753 1044 donec
777 986 906 1063 spissum
925 984 983 1064 dat,
1007 985 1094 1043 etita

19 1083 20 1136 i
44 1095 68 1134 ro
82 1071 204 1132 naribus
223 1072 405 1134 infundatur.
437 1072 520 1132 Facit
534 1081 564 1132 21
578 1072 634 1132 hoc
648 1073 895 1133 medicamentum
910 1071 985 1132 hene
999 1073 1096 1149 gravi·
1115 1087 1149 1136 20

82 1161 145 1220 dini
165 1163 294 1221 narium:
313 1160 521 1240 Pompholygis
535 1160 560 1220 ii
575 1160 614 1220 ΙΙΙ
630 1164 697 1220 vino
712 1161 837 1221 Falerno
856 1172 885 1221 et
899 1179 967 1221 rosa
980 1159 1095 1220 ricihus

19 1225 20 1296 i
82 1249 196 1309 adiecta
220 1257 367 1328 teruntur,
391 1249 485 1310 donec
510 1249 758 1310 medicamentum
782 1249 877 1310 meilis
898 1248 1005 1310 haheat
1022 1259 1094 1310 tem-

82 1339 276 1417 perationem,
296 1345 326 1397 et
344 1339 384 1398 ita
404 1337 526 1398 naribus
545 1338 684 1416 paulatim
703 1338 879 1399 infunditur.
914 1337 958 1398 Ad
977 1355 1096 1416 gravem
1115 1353 1148 1401 21

83 1426 204 1485 odorem
223 1427 348 1506 narium,
367 1445 505 1486 ozaenam
521 1426 625 1487 Graeci
641 1427 698 1486 hoc
717 1429 821 1487 vitium
841 1435 954 1506 vocant,
973 1426 1095 1504 prodest

46 1533 69 1573 15
84 1515 203 1592 egregie
231 1513 288 1574 hoc
311 1515 573 1576 medicamentum:
605 1517 762 1594 Aeruginis
786 1515 817 1575 P.
840 1514 853 1574 1
881 1522 932 1574 aut
955 1532 1094 1592 squamae

82 1605 160 1662 aeris
183 1602 214 1662 P.
234 1601 247 1661 l
270 1605 299 1662 in
324 1603 419 1663 meilis
442 1603 505 1663 itt
532 1607 620 1682 coqui
649 1603 798 1682 oportebit
825 1611 855 1663 et
882 1621 917 1663 eo
948 1604 993 1662 uti
1020 1602 1095 1661 adsi-

84 1691 140 1750 dua
166 1691 322 1751 infusione.
359 1692 403 1752 dd
427 1691 549 1771 polypos
573 1691 719 1751 sanandos
739 1693 813 1768 misy
833 1701 941 1769 ustum,
965 1689 1147 1753 2021211122

83 1779 150 1839 dem
175 1788 285 1860 ustam,
314 1798 364 1840 aes
388 1791 502 1859 ustum,
525 1782 602 1840 aeris
625 1797 791 1858 squamam,
814 1778 935 1856 peribus
959 1776 1095 1855 ponderi·

82 1867 139 1928 hns
164 1869 272 1928 siccata
296 1867 369 1928 haec
392 1868 467 1928 hene
491 1875 571 1928 teres
595 1874 625 1926 et
648 1886 683 1926 eo
707 1866 828 1946 pulvere
850 1868 944 1926 uteris
964 1865 1094 1925 adsidue.

45 1955 159 2026 eoQuia
188 1975 257 2016 vero
281 1956 457 2035 plerumque
485 1965 630 2016 vexantur
658 1973 745 2016 nares
768 1954 932 2034 gravidine,
960 1971 1035 2032 quae
1060 1972 1096 2013 ex
1115 1969 1148 2017 23

84 2063 188 2105 umore
212 2063 314 2104 earum
338 2045 477 2124 efficitur,
500 2061 559 2104 non
583 2043 711 2104 alienum
731 2052 777 2102 est
796 2045 873 2102 scire
893 2043 957 2102 eius
977 2059 1095 2119 quoque

84 2136 128 2192 rei
151 2133 291 2193 remedia.
337 2132 462 2192 Prodest
485 2135 576 2210 igitur
600 2135 685 2209 quies
707 2133 797 2192 unius
820 2131 879 2192 diei
903 2139 933 2190 et
955 2129 992 2190 ah
1015 2130 1097 2188 omni

84 2240 116 2281 re
136 2222 324 2300 abstinentia,
344 2221 573 2300 perunguendae
593 2219 785 2280 nihilominus
804 2237 891 2279 nares
910 2225 1000 2279 erunt
1019 2217 1096 2277 hitu-

84 2313 163 2370 mine
190 2310 303 2389 liquido
333 2317 384 2369 aut
411 2327 511 2369 murra
540 2317 633 2369 stacta
661 2309 706 2368 vel
729 2311 795 2387 pice
823 2307 947 2387 liquida,
975 2315 1095 2386 postero

45 2417 70 2458 ee
84 2407 183 2459 autem
206 2399 254 2458 die
279 2397 414 2477 pastillus
436 2398 513 2458 inira
537 2400 667 2476 scriptus
690 2401 721 2457 in
744 2405 863 2457 noctem
886 2415 977 2476 snper
995 2395 1095 2456 cibum

83 2487 199 2548 dandus
218 2489 276 2548 erit
293 2498 322 2546 21
338 2489 363 2546 21
378 2504 453 2564 opus
469 2486 568 2567 fuerit,
586 2504 641 2564 per
655 2485 787 2545 triduum
802 2487 976 2546 continuum
991 2484 1095 2544 eodem

18 2633 19 2648 ,
85 2586 218 2654 ternpore
247 2575 380 2656 dabitur,
409 2576 462 2653 qui
490 2577 598 2652 recipit
625 2575 711 2634 haec:
747 2575 815 2652 dpii
843 2575 965 2633 seminis
988 2571 1013 2632 ii
1033 2571 1096 2650 litt,

83 2666 159 2723 anisi
178 2663 205 2723 X
223 2663 272 2743 ili,
296 2663 399 2723 aiterci
418 2665 549 2742 seminis,
568 2663 647 2741 quod
666 2663 858 2742 hyoscyamos
878 2662 996 2739 dicitur,
1015 2659 1041 2720 11
1061 2659 1095 2738 ΙΙ,

18 2773 19 2812 i
83 2755 142 2832 opii
173 2753 328 2812 denarium
356 2751 519 2811 dimidium.
565 2750 656 2811 Fiunt
685 2758 783 2811 autem
816 2749 926 2829 pastilli
954 2749 1095 2828 ponderis

18 2825 19 2854 ¹
44 2859 70 2898 eo
83 2843 232 2902 victoriati
255 2849 285 2900 21
308 2839 357 2899 alii
380 2842 467 2899 tertia
491 2848 575 2918 parte
602 2839 746 2919 detracta,
775 2839 883 2899 dantur
911 2857 979 2899 cum
1003 2854 1096 2914 aquae

84 2929 199 3010 cyathis
222 2928 327 2988 trihus.
374 2927 499 2988 Faciunt
521 2935 621 2988 autem
647 2928 735 2988 etad
760 2927 914 2987 oculorum
938 2925 1096 3004 epiphoras

84 3027 115 3079 et
138 3017 283 3078 stomachi
307 3035 445 3077 nauseam
469 3027 498 3076 et
522 3015 754 3076 deiectiuncuias
778 3024 809 3075 et
831 3015 867 3075 ad
886 3033 1003 3075 omnem
1023 3013 1095 3073 dno-

84 3125 157 3167 rem.
196 3105 288 3166 Sistet
311 3107 483 3184 sangninem
507 3122 609 3164 sevum
633 3123 668 3164 ex
689 3111 808 3164 omento
833 3105 950 3183 pecoris
974 3101 1095 3162 naribus
1114 3113 1149 3161 21

157 3257 275 3313 toriae.
361 3259 506 3312 9ediecto
525 3274 576 3312 om.
664 3262 696 3310 10
715 3255 869 3325 gravidine.
952 3259 983 3307 11
1003 3252 1095 3306 misni.

85 3329 244 3384 calchitidia
267 3330 345 3384 uetes
371 3329 443 3383 aeris
472 3329 536 3383 usti.
628 3333 661 3380 18
685 3327 758 3380 aerio
782 3331 846 3380 onte
873 3339 1019 3392 squamam
1044 3338 1094 3376 om.

86 3406 120 3455 20
143 3417 209 3456 vero
235 3416 286 3456 om.
394 3406 427 3454 27
450 3397 477 3452 ΙΙ
491 3398 554 3465 ΙΙΙΙ,
578 3397 650 3451 enisi
667 3395 694 3451 X
708 3395 762 3463 ΙΙΙ,
785 3395 884 3450 alterci
908 3392 1021 3446 seminis
1045 3407 1095 3446 om.

85 3477 119 3526 32
140 3471 349 3541 2122110220122,
368 3472 474 3526 corraei
492 3487 505 3524 e
523 3469 610 3526 Serto.
683 3473 716 3522 30
736 3468 815 3520 sistet
833 3471 881 3519 zm
899 3462 975 3518 sistit
991 3467 1052 3518 2m.
