2540 3802
460 115 703 180 -189-

69 277 181 358 inludi,
208 279 260 356 qui
283 295 378 356 usque
402 295 438 337 eo
461 277 517 339 hac
541 269 674 340 molestia
698 287 855 359 vexantur,
878 288 912 340 ut
935 280 1085 342 interdum

70 377 102 428 et
122 369 198 428 ritae
218 365 385 445 perieulum
404 366 523 448 adeant3
543 376 589 428 est
608 369 687 428 enim
702 369 806 428 vitium
821 387 880 429 non
895 377 1085 431 contemnen-

69 456 159 537 dum,
186 457 313 516 maxime
341 457 372 516 in
400 473 544 534 processu
572 458 686 518 aetatis.
732 456 847 528 Quibus
875 457 1006 518 dandum
1029 460 1086 520 erit

70 545 323 606 medicamentum
351 547 485 623 proximo
514 545 561 606 die
589 547 654 606 eius
681 547 791 626 noctis,
820 564 878 624 qua
906 545 1086 608 incubonem

41 660 55 701 5
70 633 262 714 pertulerint,
281 652 350 694 cum
368 632 554 695 intervallum
574 653 590 694 a
609 651 713 694 somno
731 633 858 695 fecerint
872 643 902 695 et
916 635 995 714 quod
1014 637 1086 697 satis

70 725 112 784 sit
136 721 398 784 deambulaverint.
437 721 508 784 Dari
526 721 614 783 debet
633 741 669 783 ex
687 741 791 805 aquae,
813 724 845 784 in
864 741 922 803 qua
940 723 1087 803 hysopum

70 822 124 874 aut
142 811 329 873 marrubium
348 811 439 872 fuerit
456 813 615 886 incoctum,
640 811 753 891 cyathis
777 819 918 892 quattuor
937 812 984 874 vel
1002 816 1086 892 quin·

72 920 133 981 que
157 901 192 962 ad
216 900 333 980 pondus
357 900 473 960 denarii
495 902 584 961 unius
607 899 654 961 rel
673 902 829 980 victoriati,
855 909 944 981 prout
967 920 1017 962 res
1035 911 1087 964 aut

72 999 155 1052 aetas
174 989 381 1071 postulaverit3
399 988 506 1049 deinde
524 997 592 1068 post
609 989 698 1050 horas
718 998 780 1050 tres
799 989 845 1051 vel
863 999 1004 1070 quattuor
1023 1009 1087 1052 cre·

32 1105 57 1144 ro
73 1097 139 1140 mor
162 1080 295 1159 ptisanae
319 1085 370 1139 aut
393 1077 484 1138 altera
508 1077 632 1139 sorbitio
655 1079 728 1140 levis
751 1079 847 1140 detur.

164 1167 248 1228 Facit
276 1167 333 1227 hoo
361 1167 610 1228 medicamentum
637 1167 674 1228 ad
702 1185 767 1249 eos,
800 1186 928 1248 quorum
960 1168 1123 1231 musaldio

73 1256 242 1318 maxillares
266 1273 334 1316 cum
357 1257 485 1316 maximo
505 1257 607 1317 dolore
625 1258 704 1317 tensi
723 1265 794 1318 sunt
817 1257 899 1339 adeo,
917 1265 952 1319 ut
971 1261 1087 1338 aperire

10 1385 11 1390 κ
73 1365 109 1406 os
132 1345 213 1406 nullo
236 1344 324 1405 modo
347 1347 475 1426 possint3
498 1353 619 1406 tetanon
642 1345 699 1407 hoc
722 1348 826 1407 vitium
847 1345 954 1408 Graeci
975 1347 1087 1410 dicunt.

74 1434 150 1496 Item
178 1435 247 1495 lacit
275 1433 311 1494 ad
340 1433 527 1513 depravatam
560 1435 663 1494 faciem
696 1437 727 1495 in
760 1435 932 1497 utramlibet
963 1445 1087 1518 partem,

33 1546 59 1587 15
75 1525 202 1603 cynicon
225 1539 362 1602 spasmon
385 1522 442 1584 hcc
465 1522 554 1583 iidem
578 1521 726 1602 appellant
749 1541 843 1602 genos
867 1523 975 1604 morbi3
1003 1543 1087 1603 prae-

74 1615 164 1691 cipue
188 1629 257 1672 vero
280 1611 316 1672 ad
339 1613 471 1691 pectoris
494 1611 655 1690 laterisque
678 1611 796 1672 dolores
819 1613 941 1692 prodest
960 1631 997 1672 ex
1016 1631 1087 1692 qua-

74 1701 149 1762 libet
176 1719 265 1762 causa
292 1701 385 1762 iactos
409 1702 471 1760 sive
494 1699 598 1760 latenti
621 1701 683 1760 sive
706 1700 873 1778 manifesta,
902 1709 935 1762 ut
958 1719 994 1760 ex
1018 1719 1087 1762 casu

75 1790 174 1870 aliquo
193 1797 244 1850 aut
263 1807 353 1869 supra
371 1791 450 1850 vires
469 1797 500 1849 et
519 1787 747 1868 supramodum
766 1789 906 1868 ponderis
921 1791 1087 1868 portatione

75 1879 123 1939 vel
146 1898 181 1940 ex
205 1880 394 1960 contusione,
421 1896 497 1958 quae
523 1877 695 1956 frequenter
718 1876 930 1956 gladiatoribus
954 1878 1087 1939 accidere

34 1989 62 2028 so
76 1970 108 2028 in
131 1967 370 2048 praelusionibus
393 1966 477 2028 solet
518 1965 579 2026 Nee
606 1967 706 2027 minus
734 1984 839 2026 eorum
861 1968 987 2026 maxime
1012 1969 1088 2028 sani-

76 2059 130 2118 tati
153 2059 304 2137 convenit,
333 2058 384 2136 qni
411 2055 517 2116 arbore
545 2054 602 2116 alta
630 2055 743 2135 delapsi
766 2063 837 2116 sunt
859 2054 905 2116 vel
929 2054 1016 2116 scalis
1039 2056 1088 2116 de·

76 2146 169 2207 voluti
192 2155 243 2207 aut
267 2147 386 2206 excussi
408 2145 478 2206 reda
501 2143 547 2204 vel
571 2144 721 2206 curriculo
745 2146 841 2205 tracti.
888 2143 947 2204 Sed
970 2143 1030 2224 his,
1058 2143 1088 2204 id

77 2243 123 2296 est
141 2253 177 2296 er
197 2234 352 2296 manifesta
371 2251 459 2295 causa
477 2235 598 2314 vexatis,
618 2252 687 2294 eum
704 2234 781 2294 aceti
795 2232 908 2312 cyathis
927 2232 1024 2294 tribus
1043 2232 1089 2294 vel

77 2331 217 2405 quattuor
246 2323 341 2384 danda
368 2325 426 2383 erit
453 2322 616 2404 antidotus3
644 2322 691 2382 his
719 2341 803 2402 vero,
832 2323 944 2401 quiex
972 2321 1089 2384 occulta

35 2432 63 2473 es
77 2431 164 2475 causa
188 2412 333 2495 laborant,
356 2431 391 2473 ex
415 2429 490 2492 aqua
513 2411 609 2472 mulsa
632 2410 766 2490 proderit
788 2411 864 2471 data.

165 2501 323 2563 Praeterea
341 2519 501 2562 nervorum
519 2499 706 2561 tensionibus
725 2507 755 2560 et
772 2498 1026 2560 contractionibus
1047 2507 1088 2560 at·
1108 2511 1123 2558 6

79 2609 135 2672 que
155 2589 307 2652 doloribus
326 2589 465 2651 omnihus
483 2590 607 2650 mirifice
626 2590 771 2650 convenit.
806 2587 1003 2660 Quamobrem
1019 2589 1089 2650 iacit

78 2688 107 2740 et
131 2679 167 2740 ad
190 2680 335 2740 tremulos
358 2685 388 2738 ct
411 2677 649 2763 adsideratione
672 2685 831 2756 temptatos
853 2675 1007 2758 utralibet3
1030 2696 1088 2739 una

79 2771 157 2830 enim
181 2787 250 2830 cum
273 2769 489 2848 contractione,
517 2766 609 2828 altera
637 2783 705 2828 cum
730 2767 907 2826 remissione
930 2783 1089 2826 nervorum

36 2877 66 2918 ao
81 2859 276 2938 conspicitur3
298 2855 456 2936 paralysim
478 2855 536 2916 hoc
559 2863 720 2934 utrumque
744 2857 849 2916 vitium
868 2854 973 2916 Graeci
991 2854 1089 2934 appel·

79 2947 146 3008 lant.
182 2946 227 3007 Ad
250 2944 329 3025 qood
354 2946 442 3006 etiam
465 2963 534 3005 cum
557 2946 688 3024 correpti
711 2951 780 3005 sunt
801 2943 923 3023 prodest
942 2962 978 3003 ex
997 2962 1089 3024 aquae

79 3034 190 3096 mulsae
209 3033 322 3115 cyathis
341 3033 438 3096 tribus
457 3040 634 3114 quattuorve
653 3033 754 3094 datum
775 3032 812 3092 ad
836 3032 952 3111 pondus
976 3033 1090 3093 denarii

80 3127 167 3186 unius
186 3131 238 3185 aut
251 3125 399 3184 victoriati
417 3123 546 3182 admixto
561 3123 690 3182 castorei
703 3121 818 3182 denarii
837 3122 969 3182 semisse.
999 3120 1089 3182 Prod·
1184 3115 1191 3120 ’

81 3221 125 3274 est
148 3223 177 3274 et
200 3213 237 3273 ad
260 3212 448 3274 articularem
471 3210 617 3291 morbum,
641 3229 729 3290 quem
749 3209 898 3270 arthritim
917 3208 1023 3270 Graeci
1041 3227 1090 3288 ap·

170 3426 203 3476 17
217 3421 250 3474 ut
263 3437 276 3474 e
290 3419 429 3476 scribom:
443 3420 492 3474 aut
503 3418 663 3474 Ceruarius.
711 3421 743 3470 18
758 3413 916 3485 portatione
927 3430 941 3470 e
951 3412 1091 3470 Scribon:

80 3491 187 3563 portati
207 3490 367 3548 Goruariue.
438 3495 473 3546 20
492 3489 612 3544 maxime
631 3488 773 3543 &lordum
790 3486 906 3542 videtur.
