2564 3794
503 120 720 208 -55-

105 299 200 360 panax
230 299 298 341 cum
326 298 392 340 rosa
421 289 451 340 et
479 281 662 360 amygdalino
689 283 758 341 vino
787 283 855 341 trita
883 293 964 343 recte
987 282 1122 344 laboran-

104 369 186 430 tibus
218 368 342 429 auribus
372 368 541 430 instillatur.
593 368 689 429 Alium
723 369 885 430 rotundum
918 374 1021 432 tritum
1052 391 1121 433 cum
1141 385 1175 434 5ο

104 467 190 517 55555
218 466 370 536 repostum
399 459 429 516 in
457 457 563 536 pyxide
592 457 729 535 plumbea
759 465 789 517 et
817 476 884 518 cum
913 477 987 538 opus
1022 461 1121 542 luerit,

105 565 174 606 cum
198 553 282 606 aceto
306 555 336 606 55
359 564 426 606 rosa
449 546 581 606 inlusum
606 546 729 606 auribus
752 546 882 625 prodest.
924 546 1122 631 Opobalsami,
1140 563 1173 609 51

76 652 204 713 crosae,
233 637 315 694 croci
339 636 541 713 unguentarii,
567 637 641 714 opii,
665 634 850 712 singulorum
874 653 967 714 aequa
990 637 1120 715 pondera

104 726 174 783 trita
199 723 343 801 tepelacta
367 723 464 783 inlusa
488 722 611 784 auribus
634 731 769 801 prosunt.
814 723 942 784 virentis
966 727 1120 803 papaveris
1140 738 1173 785 ot

104 829 196 872 sucus
229 831 296 872 cum
325 829 391 871 rosa
421 811 467 870 vel
493 811 677 890 amygdalino
705 815 773 872 vino
805 811 852 872 vel
884 815 966 891 porri
999 814 1121 872 seminis

104 918 196 959 sucus
220 917 288 960 cum
311 899 386 960 lacte
411 899 550 960 muliebri
573 899 618 959 vel
642 909 791 960 veratrum
810 899 909 961 album
929 903 1033 961 tritum
1053 919 1121 961 cum

103 987 289 1067 amygdalino
317 987 382 1048 oleo
408 995 459 1049 aut
482 1005 603 1048 rosaceo
632 987 677 1048 vel
707 1006 797 1049 sucus
824 1007 984 1067 granorum
1015 989 1122 1049 Punici

64 1093 89 1132 ro
104 1076 174 1136 mali
206 1095 274 1136 cum
308 1094 375 1136 rosa
406 1085 457 1137 aut
485 1076 550 1136 oleo
583 1077 766 1156 amygdalino
799 1077 918 1138 inlusus
951 1077 1121 1138 dolentibus

105 1165 229 1226 auribus
248 1165 378 1242 prodest.
424 1164 512 1226 Croci
528 1197 566 1207 —
583 1164 643 1245 Vll,
666 1168 752 1226 nucis
771 1184 886 1226 amarae
902 1165 927 1226 ΙΙ
941 1165 1001 1246 Vll,
1024 1166 1120 1227 mellis
1140 1179 1174 1226 53

106 1253 176 1313 boni
203 1253 325 1332 cyathos
348 1251 402 1332 ΙΙΙ,
436 1255 512 1314 aceti
543 1253 615 1313 boni
647 1255 725 1333 quod
755 1257 827 1314 satis
855 1257 912 1315 erit
940 1258 1054 1336 mittes,
1088 1263 1121 1316 ut

105 1341 330 1421 spissitudinem
353 1341 459 1401 habeat
478 1342 725 1404 medicamentum
745 1342 840 1404 mellis
859 1343 964 1422 liquidi
983 1355 1012 1405 et
1032 1343 1120 1405 simul

104 1432 284 1508 permixtum
313 1438 402 1509 atque
431 1440 586 1491 excoctum
614 1431 783 1492 dolentibus
807 1431 930 1493 auribus
953 1432 1120 1493 instillahis.

64 1534 89 1574 m
103 1518 231 1597 lllurrae,
254 1521 343 1598 croci,
363 1521 432 1600 opii,
451 1519 537 1579 nardi
556 1522 663 1600 spicae,
682 1523 758 1580 turis
777 1523 906 1600 corticis,
927 1520 993 1580 mali
1013 1521 1120 1581 Punici
1138 1531 1173 1580 55

104 1607 193 1686 aridi,
224 1607 307 1667 labae
331 1607 525 1686 Aegyptiacae
548 1607 681 1686 pulpam,
712 1626 822 1668 nucum
848 1625 1014 1667 amararum
1044 1611 1119 1668 inte·

103 1698 192 1773 riora,
215 1695 311 1754 mellis
335 1695 414 1774 boni,
438 1695 622 1773 singulorum
647 1695 672 1754 ΙΙ
696 1705 865 1775 quaternos,
889 1698 1017 1755 castorei
1038 1695 1119 1775 llll,

104 1783 242 1844 aluminis
265 1785 328 1843 lissi
352 1783 376 1843 ΙΙ
396 1784 430 1864 ΙΙ,
453 1785 566 1862 piperis
590 1782 670 1860 longi
694 1783 719 1842 ΙΙ
738 1783 765 1862 l;
788 1786 869 1844 tritis
892 1783 1050 1860 diligenter
1073 1783 1120 1842 his

104 1871 243 1932 omnibus
267 1881 297 1932 et
320 1891 388 1933 cum
411 1880 495 1932 aceto
515 1873 660 1931 acerrimo
679 1873 779 1930 mixtis
798 1883 886 1950 atque
906 1874 1035 1932 excoctis
1055 1872 1120 1932 lieri

64 1977 89 2014 m
103 1967 223 2038 oportet
241 1960 490 2021 medicamentum
510 1969 569 2019 tam
590 1967 794 2039 temperatum,
810 1968 843 2020 ut
858 1958 952 2018 simile
971 1961 1010 2019 sit
1023 1977 1120 2038 passo.

103 2048 167 2108 Hoc
190 2049 369 2128 tepefactum
394 2047 564 2128 instillatur,
589 2049 676 2107 etiam
701 2047 878 2108 exulceratis
902 2046 1024 2108 auribus
1046 2049 1121 2107 mire

27 2176 33 2187 f
102 2137 234 2215 prodest.
267 2137 311 2196 Ad
329 2135 508 2216 incipientes
525 2137 643 2196 dolores
658 2138 774 2196 aurium
789 2145 819 2196 55
834 2135 1018 2196 exulceratas
1032 2153 1121 2195 aures
1141 2147 1174 2195 55

102 2225 160 2286 hoc
183 2226 367 2285 medicamen
391 2227 495 2286 iacies:
519 2225 608 2285 Turis
632 2258 674 2268 -
698 2223 765 2304 llll,
794 2224 889 2285 mellis
916 2257 954 2268 —
980 2223 1033 2303 ΙΙΙ,
1061 2226 1121 2284 vini

103 2316 216 2373 austeri
239 2313 362 2392 cyathos
380 2313 416 2394 ll,
439 2316 516 2374 aceti
539 2315 678 2374 acerrimi
699 2313 838 2392 cyathum
857 2312 878 2393 Ι,
901 2313 986 2373 nardi
1006 2313 1121 2392 Syriaci

62 2402 128 2462 asli
148 2402 184 2483 ΙΙ,
210 2420 326 2480 myrrae
347 2401 373 2461 ΙΙ
392 2403 404 2462 Ι
425 2401 454 2482 S,
478 2405 559 2462 croci
581 2400 594 2460 Ι
618 2401 647 2480 S,
671 2419 763 2462 nuces
788 2420 902 2462 amaras
925 2420 1050 2462 numero
1072 2401 1121 2482 ΙΙΙ,

8 2485 9 2558 l
103 2491 281 2550 alronitrnm
302 2492 448 2551 victoriati
462 2491 588 2570 pondus,
607 2492 720 2569 piperis
734 2490 814 2569 longi
829 2490 854 2550 ΙΙ
869 2490 892 2567 Ι,
910 2490 993 2550 labae
1007 2491 1120 2570 Aegyp-

8 2609 9 2624 t
103 2583 197 2638 tiacae
225 2597 316 2656 grana
345 2589 468 2658 purgata
496 2577 557 2638 ΙΙΙΙ,
604 2577 682 2638 Η555
712 2582 809 2638 omnia
838 2581 968 2658 primum
997 2597 1050 2657 per
1079 2597 1119 2658 se,

103 2667 210 2727 deinde
243 2670 275 2726 in
308 2685 400 2727 unum
431 2670 520 2727 mixta
554 2675 694 2726 teruntur
728 2675 757 2727 55
789 2667 918 2746 tepidata
952 2667 1120 2727 dolentibus

102 2755 227 2816 auribus
250 2755 441 2816 instillantur.
479 2754 612 2815 Castorei
635 2755 736 2814 obolos
756 2755 791 2836 ΙΙ,
814 2756 844 2816 id
864 2763 910 2816 est
929 2755 1001 2815 duas
1020 2763 1120 2833 partes
1140 2765 1173 2815 55

62 2859 88 2898 eo
102 2846 263 2924 victoriati,
296 2844 405 2904 radicis
433 2844 575 2925 lanariae,
608 2843 676 2903 salis
704 2845 891 2924 ammoniaci,
924 2846 1034 2903 veratri
1062 2843 1121 2904 albi

102 2932 181 2992 idem
203 2932 354 3012 ponderis,
378 2932 486 3012 quibus
506 2933 710 3011 superadicies
729 2935 810 2992 croci
829 2933 976 2993 victoriati
995 2932 1121 3013 pondus,

102 3021 160 3080 olei
188 3023 258 3080 irini
287 3031 317 3082 et
344 3022 439 3081 mellis
467 3039 569 3100 parem
598 3039 781 3101 mensuram,
810 3021 840 3081 id
865 3028 911 3081 est
934 3019 1119 3098 singulorum

102 3108 127 3168 X
156 3107 229 3169 XVI.
280 3108 322 3169 Ea
355 3128 489 3170 seorsum
523 3111 606 3188 prius
641 3107 755 3186 singula
788 3111 858 3169 trita
891 3111 1056 3169 miscentur
1087 3110 1119 3167 in

102 3216 210 3278 unum3
238 3197 351 3258 iaciunt
378 3197 453 3258 bene
482 3197 518 3257 ad
547 3195 678 3256 dolorem
702 3204 732 3256 et
755 3196 855 3257 ulcera
879 3199 996 3257 aurium
1019 3195 1118 3274 tepide

62 3300 87 3340 ³⁶
101 3289 222 3346 inserta.
260 3285 378 3346 Dolenti
401 3285 551 3347 auriculae
575 3292 693 3362 oportet
719 3286 842 3344 larinam
861 3285 1041 3344 hordiaciam
1065 3301 1119 3359 per
1138 3294 1171 3342 tt

101 3393 133 3434 55
163 3382 277 3435 coctam
306 3393 342 3434 er
370 3393 445 3453 aqua
469 3373 569 3446 ¹mulsa
593 3371 810 3449 cataplasmatis
833 3390 916 3431 more
940 3388 956 3430 a
980 3370 1052 3428 loris
1075 3373 1118 3428 in-

8 3443 9 3536 }
100 3481 213 3542 ponere
243 3462 289 3522 vel
317 3463 441 3524 farinam
468 3462 521 3522 lini
545 3462 667 3520 seminis
696 3469 725 3520 et
752 3460 937 3536 laenograeci
965 3459 997 3516 in
1025 3475 1118 3516 tinum
