2564 3794
555 139 799 204 -132-

136 316 151 365 't
171 304 232 362 riae
251 301 330 381 lacit,
348 301 560 362 reservandum
580 309 680 362 autem
698 309 744 361 est
762 299 869 380 pyxide
888 299 992 361 buxea.
1022 301 1184 381 Arteriace,

171 408 230 469 qua
252 388 358 450 melior
380 407 440 450 non
464 398 518 471 est,
542 390 673 451 refertur
695 397 794 450 autem
818 391 849 449 in
873 388 1066 469 Asclepiaden
1089 391 1184 451 medi·

171 495 239 539 cum
264 480 422 559 optimum,
446 479 516 539 lacit
540 478 576 539 ad
600 481 697 539 omnia
722 479 860 557 superius
884 477 961 538 dicta
985 486 1015 538 et
1038 478 1183 557 quidquid

170 569 201 628 in
221 568 339 627 arteriis
357 569 423 628 vitii
441 575 487 628 est
506 568 667 628 efficaciter
682 573 776 646 curat,
795 572 911 626 constat
929 585 966 626 er
984 565 1044 627 bis:
1067 566 1185 646 lllyrrae

170 658 297 734 optimae
317 657 438 734 pinguis
460 654 619 736 llllllllll,
642 654 827 734 tragacantbi
851 655 968 715 candidi
987 653 1214 736 xxxivdie

169 744 370 824 glycyrrhizae
394 744 503 805 radicis
527 743 676 824 llXVlll,
704 745 821 804 resinae
849 742 1067 804 terebinthinae
1083 762 1185 822 „verae

172 831 344 895 lxxxvi.
373 832 611 911 Tragacantbum
630 834 708 893 sicut
727 841 773 892 est
791 831 934 892 contundi
953 840 984 892 et
1001 830 1186 910 peroribrari

170 923 255 982 tenui
273 922 419 982 foramine
438 929 565 1003 oportet,
585 921 692 982 deinde
710 937 840 1000 myrram
859 921 960 980 tritam
979 938 1115 981 seorsum
1135 921 1184 981 ad·

169 1011 291 1070 misceri
314 1018 344 1070 et
367 1028 473 1071 rursus
497 1018 625 1090 utraque
648 1012 680 1069 in
703 1027 796 1070 unum
821 1009 872 1068 diu
895 1011 953 1068 teri
976 1017 1065 1088 atque
1088 1012 1129 1069 ita
1152 1012 1184 1069 in

169 1097 258 1175 pilam
287 1099 364 1158 coici
396 1106 426 1158 et
460 1097 503 1158 ibi
537 1117 606 1159 cum
638 1096 843 1159 concaluerint
875 1099 973 1157 omnia
1010 1099 1074 1158 ictu
1105 1097 1183 1176 pilae
1199 1119 1228 1160 10

169 1185 302 1264 assiduo,
330 1185 561 1246 terebinthinam
594 1186 735 1265 paulatim
763 1187 896 1266 misceri,
928 1186 1022 1246 donec
1050 1188 1183 1247 omnium

169 1274 268 1333 unitas
296 1273 362 1354 fiat3
398 1282 502 1352 postea
534 1274 747 1354 glycyrrhizam
780 1281 934 1334 contusam
963 1283 994 1334 et
1023 1274 1183 1335 cribratam

168 1363 370 1440 mortarioque
389 1361 482 1422 nihilo
499 1365 599 1423 minus
619 1361 777 1440 diligenter
795 1363 897 1422 tritam
915 1364 1026 1422 sensim
1045 1363 1184 1442 adspergi

170 1451 317 1510 convenit.
353 1449 411 1510 Sed
431 1449 482 1510 ubi
501 1451 574 1510 haec
592 1450 669 1510 bene
687 1453 778 1510 mixta
798 1450 918 1530 luerint,
936 1450 1007 1511 dum
1028 1451 1103 1512 calet
1121 1470 1182 1512 mc-

168 1536 377 1619 dicamentum,
396 1538 497 1617 plures
516 1538 659 1600 accedant
675 1547 704 1599 et
717 1538 824 1618 pilulas
838 1539 947 1600 faciant
960 1541 1054 1600 viciae
1071 1543 1182 1618 magni·
1198 1562 1229 1604 15

168 1625 281 1687 tudine.
314 1625 363 1687 Fit
382 1629 461 1687 enirn
481 1630 540 1688 cito
559 1628 718 1688 durissima
737 1627 810 1688 baec
829 1629 973 1688 arteriace
992 1641 1022 1688 et
1040 1628 1097 1688 boc
1116 1630 1181 1708 ipso

166 1715 321 1794 praecedit
340 1723 463 1796 ceteras,
488 1719 556 1795 quia
574 1716 692 1795 linguae
711 1716 844 1777 subiecta
864 1735 924 1776 non
943 1716 1028 1776 lacile
1048 1717 1182 1799 solvitur,

168 1810 198 1863 et
221 1806 262 1864 ita
285 1804 397 1866 diutius
421 1805 542 1866 exbibet
565 1804 747 1866 salubritatis
771 1805 917 1865 ellectum.

131 1903 148 1953 8
256 1892 410 1954 Brassicac
430 1894 540 1954 crudae
560 1893 663 1954 lolium
680 1893 830 1954 levissime
849 1896 949 1975 terito,
971 1911 1007 1953 er
1024 1911 1060 1953 eo
1075 1911 1180 1954 sucum

132 1993 148 2042 9
169 1982 340 2063 exprimito,
368 2001 427 2061 quo
456 2002 512 2043 uva
540 1990 676 2043 contacta
701 1990 839 2062 potenter
862 1981 1041 2042 sublevatur.
1087 1981 1182 2043 Pruni
1195 2006 1226 2046 so

167 2069 321 2131 foliasive
345 2073 432 2132 sativi
455 2089 508 2132 seu
533 2071 678 2132 silvestris
707 2089 743 2130 ex
766 2072 834 2130 vino
858 2069 980 2131 decocta
1008 2078 1039 2130 et
1062 2073 1181 2149 saepius

115 2169 149 2218 10
168 2158 343 2236 gargalizata
366 2177 453 2219 uvam
472 2159 589 2220 resilire
608 2158 798 2238 compellunt.
837 2157 934 2218 Gallae
953 2161 1040 2219 tritae
1058 2158 1181 2238 pulvere

167 2265 224 2306 uva
248 2253 382 2307 contacta
406 2247 509 2308 eodem
534 2247 581 2306 die
604 2248 714 2329 resilit,
743 2249 769 2308 si
791 2255 839 2306 ter
862 2249 890 2307 ei
912 2249 1077 2308 interiectis
1098 2247 1182 2309 boris

116 2345 148 2393 11
167 2333 351 2394 medicamen
380 2335 471 2395 luerit
500 2335 677 2413 adpositum.
723 2335 835 2414 Capitis
858 2338 967 2396 summi
990 2338 1130 2396 verticem
1155 2340 1182 2397 si

167 2423 235 2499 quis
259 2440 345 2482 uvam
371 2421 516 2483 laboranti
541 2425 676 2484 mordeat
699 2426 829 2504 inopino,
853 2425 934 2484 omni
953 2442 1021 2484 eum
1043 2424 1225 2488 molestiam

116 2521 148 2570 12
167 2509 312 2570 liberabit.
347 2511 382 2570 ln
400 2512 549 2590 principio
568 2512 679 2572 doloris
698 2531 754 2573 uva
774 2512 849 2572 bene
865 2511 1045 2594 sublevatur,
1064 2515 1090 2573 si
1104 2531 1181 2592 aqua

116 2610 148 2658 13
168 2597 273 2676 frigida
294 2597 340 2658 vel
358 2617 448 2677 posca
467 2600 589 2660 adsidue
608 2600 811 2679 gargalizetur.
844 2599 962 2661 Lotium
979 2609 1063 2661 vetus
1077 2601 1180 2662 buma-

167 2704 240 2746 nunt
263 2687 378 2747 adiecto
403 2705 490 2748 croco
515 2687 551 2748 ab
574 2690 669 2749 inscio
693 2707 730 2749 ne
754 2689 884 2750 fastidiat
907 2699 1026 2769 epotum
1050 2689 1096 2749 vel
1114 2707 1180 2768 gar-

167 2774 322 2853 galizatum
350 2777 460 2836 mirum
489 2779 520 2836 in
547 2777 668 2838 modum
696 2795 783 2838 uvam
806 2780 943 2858 reprimit
970 2785 1000 2837 et
1022 2781 1180 2838 consumit.

115 2875 149 2924 14
168 2862 250 2923 (linis
277 2871 422 2924 testarum
450 2873 586 2925 cistarum
614 2884 650 2925 ex
673 2869 781 2926 ostreis
804 2885 873 2926 cum
897 2865 982 2926 melle
1005 2867 1180 2927 tenuissime
1195 2888 1226 2928 co

116 2961 149 3013 15
169 2954 317 3030 contritus
341 2971 413 3013 uvae
436 2953 539 3014 inlitus
562 2953 693 3032 prodest.
730 2954 809 3014 Rubi
832 2954 950 3016 coliculi
968 2955 1066 3014 teneri
1084 2953 1181 3014 disco·

167 3049 302 3120 quantur
325 3059 361 3100 ex
384 3043 451 3102 rino
472 3042 563 3121 idque
582 3044 682 3103 vinum
701 3042 905 3124 gargalizatur,
924 3042 1003 3123 quod
1022 3042 1181 3104 confestim

240 3219 253 3266 1
273 3212 484 3284 reservandum]
509 3213 675 3268 servandum
696 3212 855 3270 Coracinus.
928 3219 946 3268 4
963 3214 1087 3286 arteriis]
1108 3215 1182 3270 urbe-

166 3282 209 3338 ria
224 3282 384 3340 Oorucrius.
438 3285 522 3338 vitiis.
578 3285 786 3354 bolycyriiaae.
841 3284 992 3353 8oporl1'lt.
1048 3291 1082 3338 10
1096 3285 1182 3341 ieet.

168 3360 201 3407 11
220 3355 433 3411 terebentinem.
521 3361 554 3410 12
573 3354 759 3425 glioaerizam.
844 3360 876 3409 15
895 3355 989 3409 vibice.
1074 3361 1106 3410 16
1126 3357 1182 3411 hoc

166 3440 217 3481 om.
291 3432 324 3482 1⁷
342 3425 407 3482 fale.
472 3433 505 3481 20
524 3426 688 3496 exprimeio.
752 3431 785 3480 22
805 3425 925 3480 resilere.
985 3429 1020 3478 25
1038 3423 1180 3482 liberauit.
1260 3495 1261 3500 ἵ

167 3499 201 3550 27
220 3496 385 3570 humanum]
404 3496 556 3553 hominum.
660 3535 662 3540 -
