2540 3802
521 146 759 210 -179-

128 307 253 386 Rigores
283 308 433 368 cervicum
462 326 531 367 sevo
560 306 671 368 bubulo
698 309 808 388 optime
832 311 1047 392 perfricantur3
1075 327 1143 373 nam
1164 317 1197 372 16

128 397 270 457 continuo
294 394 472 457 mollescunt
496 404 526 456 et
551 394 635 456 dolor
653 399 750 458 omnis
769 397 910 459 abscedit.
948 398 1064 460 llerbae
1083 409 1142 462 ret·
1163 407 1196 462 17

126 487 243 546 tonicae
273 486 418 545 contritae
448 503 538 546 sucus
566 485 602 544 ad
630 485 778 566 scripulos
806 485 881 547 duos
907 487 1022 549 adiecto
1045 488 1142 550 mulso

125 575 211 654 potui
238 573 325 634 datus
352 573 485 634 dolorem
513 575 664 634 cervicum
687 574 791 656 leniet,
819 574 872 636 sed
901 574 1082 638 febricitanti
1106 595 1142 638 ex

99 678 203 742 saqua
227 661 321 722 calida
344 661 409 722 dari
432 670 558 741 oportet.

216 749 265 810 Sal
292 751 324 810 in
351 769 439 812 sacco
467 749 626 813 calefactus
654 753 863 831 inpositusque
886 753 1001 813 umeris
1024 770 1142 814 omnem
1162 760 1195 812 18

125 838 258 900 dolorem
282 840 392 917 optime
416 839 552 920 discutit,
576 842 603 900 si
626 839 749 901 adsidue
773 848 987 922 commutetur,
1015 849 1050 902 ut
1074 841 1141 902 cali·

125 928 192 988 dior
218 935 360 1009 ponatur3
387 927 452 988 lana
481 946 599 1007 quoquc
627 927 730 989 sucida
760 947 797 990 ex
820 928 886 990 oleo
911 929 1005 992 calido
1028 933 1140 992 umeris

124 1016 258 1095 adposita
277 1015 423 1078 medetur.
459 1016 588 1095 Spongia
606 1016 711 1078 leviter
729 1035 882 1100 mucrone,
906 1037 964 1097 qno
984 1018 1072 1080 homo
1092 1037 1139 1080 oc·
1158 1026 1192 1079 19

83 1121 111 1162 ro
125 1107 206 1166 cisus
226 1113 280 1186 est,
299 1104 413 1166 adtacta
433 1113 463 1166 ct
482 1104 576 1166 calida
590 1107 702 1167 umeris
717 1106 849 1185 adposita
864 1106 1017 1188 medetur,
1041 1115 1141 1170 cetera

124 1212 204 1273 vero,
229 1211 304 1272 quae
324 1201 395 1254 sunt
414 1195 445 1254 iu
464 1193 584 1255 lacertis
602 1194 793 1255 brachiorum
812 1203 842 1256 ct
862 1194 971 1256 cubitis
991 1203 1021 1257 et
1039 1196 1140 1276 digitis

123 1301 156 1344 ao
185 1283 285 1342 nervis
314 1289 344 1342 et
370 1283 518 1364 articulis,
546 1285 680 1344 cansaria
707 1286 807 1364 acopis
836 1292 866 1345 ct
889 1283 1086 1345 calefactoriis
1110 1294 1140 1347 et

122 1370 263 1432 remediis
283 1370 409 1432 diversis
428 1380 580 1453 curantur,
600 1390 675 1451 quae
694 1373 784 1433 variis
803 1372 877 1434 locis
896 1381 967 1434 sunt
981 1373 1138 1454 adscripta.

211 1458 256 1520 dd
279 1459 379 1520 biroos
403 1469 432 1520 et
455 1459 516 1520 alas
539 1460 666 1522 fetentes
689 1461 854 1522 remedium
883 1463 939 1524 sic:
971 1459 1055 1522 Hirci
1078 1481 1137 1523 ma·
1156 1467 1192 1520 2ο

82 1563 109 1604 15
122 1549 247 1609 turioris
271 1567 365 1609 cornu
384 1566 484 1609 rasum
504 1549 550 1609 vel
568 1557 706 1610 exustum
725 1567 794 1610 eum
813 1549 880 1610 felle
899 1549 976 1612 hirci
994 1551 1138 1612 miscetur

123 1645 153 1698 et
166 1637 299 1716 pondere
313 1655 408 1716 aequo
423 1655 521 1716 myrra
536 1637 664 1709 adicitur
677 1649 767 1716 atque
786 1638 855 1699 inde
870 1638 994 1700 ascellae
1009 1638 1137 1718 demptis

122 1727 207 1806 prius
230 1724 298 1805 pilis
322 1725 444 1786 adsidue
467 1725 676 1804 perfricantur.
722 1723 848 1787 Alumen
876 1729 1003 1788 scissum
1028 1729 1138 1788 storaci
1156 1733 1189 1782 21

121 1816 261 1895 mixtum,
290 1815 315 1874 si
342 1816 373 1874 in
401 1832 494 1874 arnum
522 1823 659 1875 conteras
687 1824 775 1894 atque
802 1813 861 1876 alas
885 1816 990 1877 fetidas
1014 1815 1136 1878 adsidue

120 1903 280 1983 perfrices,
308 1902 419 1963 bonum
445 1901 503 1962 illis
526 1901 650 1964 halitum
674 1902 794 1964 excluso
818 1911 913 1966 taetro
937 1904 1028 1966 odore
1050 1923 1135 1984 prac-

80 1991 222 2052 uastabis.
264 1990 338 2051 Caro
362 1989 485 2052 vitulina
508 2009 613 2052 recens
642 2010 710 2052 cum
738 1999 822 2053 aceto
850 2001 935 2054 cocta
959 1993 1135 2073 madidaque
1155 1998 1188 2050 22

120 2080 174 2141 alis
198 2081 326 2159 inposita
349 2079 474 2140 fetorem
492 2079 571 2141 birci
588 2082 793 2142 taeterrimum
813 2081 897 2142 tollit.
939 2080 1037 2161 Myrra
1056 2084 1135 2144 sicea
1153 2087 1188 2137 23

117 2177 208 2230 tunsa
228 2167 350 2229 adsidue
369 2167 430 2228 alas
449 2168 589 2251 confrica,
613 2171 717 2230 vitium
736 2169 841 2230 fetoris
860 2172 933 2230 mire
953 2169 1133 2232 emendabis.

116 2256 315 2336 Laserpitium
344 2259 578 2318 vetustissimum
605 2258 710 2340 tunde,
738 2257 837 2320 cribra
865 2266 953 2337 atque
977 2258 1045 2319 inde
1069 2257 1130 2322 alas
1152 2264 1186 2314 24

116 2346 254 2427 perfrica,
277 2344 414 2406 similiter
436 2346 578 2426 proderit.
614 2345 699 2407 Nitro
723 2365 759 2408 ex
781 2365 858 2427 aqua
881 2345 974 2408 diluto
998 2346 1044 2408 vel
1067 2347 1128 2410 alu·
1149 2352 1182 2402 2⁶

75 2450 101 2492 sa
117 2437 196 2496 mine
215 2436 283 2495 vino
302 2436 427 2496 remisso
446 2443 531 2497 utere
551 2453 640 2514 quam
659 2437 832 2515 saepissime
851 2435 887 2496 ad
907 2434 1019 2496 alarum
1036 2436 1129 2498 feten-

118 2526 194 2586 tium
217 2523 463 2585 emendationem.
665 2577 678 2598 ,

204 2612 248 2672 lld
271 2612 481 2692 paronychiam
501 2619 531 2673 et
550 2615 780 2692 suppurationes
799 2613 1029 2692 unguiculorum
1047 2613 1127 2693 glan·
1149 2619 1184 2670 26

115 2702 183 2763 dem
202 2703 302 2762 tritam
322 2719 389 2762 cum
409 2719 519 2780 sapone
534 2701 657 2784 adpone,
675 2701 803 2763 ibiscum
818 2720 937 2782 quoquc
953 2721 1021 2764 cum
1036 2721 1126 2764 axun-

115 2793 162 2869 gia
180 2797 211 2851 et
229 2808 305 2869 pane
324 2791 396 2850 trito
414 2791 532 2870 inpone.
556 2789 595 2851 Ut
613 2793 731 2852 excussi
750 2808 866 2869 ungues
885 2793 944 2853 cito
959 2800 1126 2872 resurgant,
1146 2797 1181 2846 27

74 2895 100 2935 eo
115 2878 352 2959 quinquefolium
375 2897 444 2940 oum
467 2878 552 2958 adipe
577 2877 707 2958 qualibet
730 2881 834 2940 tritum
857 2882 1025 2962 inponitur,
1051 2879 1128 2941 olea·

114 2970 169 3029 stri
183 2986 302 3047 quoque
317 2966 386 3029 folia
400 2967 642 3030 commanducata
655 2968 828 3029 recentibus
841 2971 987 3049 unguium
996 2969 1125 3032 vulneri-

113 3056 169 3118 bus
197 3065 280 3118 recte
307 3058 502 3135 inponuntur.
547 3055 747 3136 Paronycbiae
775 3065 892 3118 stereus
919 3077 956 3119 ex
984 3057 1126 3121 auriculis
1145 3061 1180 3112 28

113 3147 221 3225 inpone
246 3152 276 3206 et
298 3144 452 3207 linteolum
475 3144 665 3227 superalliga,
691 3144 837 3207 mirabere
861 3146 1033 3207 remedium.
1079 3145 1125 3210 td
1145 3152 1179 3201 22

114 3233 193 3294 idem
222 3252 307 3295 uvam
335 3251 453 3313 passam
480 3233 663 3296 enucleatam
691 3253 758 3295 oum
787 3242 853 3296 ture
879 3237 950 3296 trito
975 3233 1127 3296 subactam

203 3446 236 3496 17
260 3440 363 3509 styraci
388 3440 554 3506 Gereonium
577 3456 624 3510 epo
651 3433 788 3508 formem,
808 3455 890 3508 quom
913 3437 1037 3494 omnibus
1060 3437 1126 3496 loeis

113 3513 196 3568 codex
215 3511 330 3580 exbibet,
347 3513 463 3568 restitui.
499 3548 502 3554 -

910 3594 964 3650 12*
