2636 3790
518 115 737 180 ..37-

6 334 8 345 .
120 297 192 341 cum
221 278 308 340 melle
336 281 428 340 mixto
456 281 488 339 19
515 277 620 340 balneo
651 278 726 340 lava:
759 280 859 339 statim
887 279 1015 342 cessabit
1042 279 1135 342 dolor.

119 367 214 428 lntibi
243 369 361 429 contusi
388 385 493 428 sucum
521 367 587 428 oleo
615 385 736 428 rosaceo
765 376 795 428 et
822 375 905 428 99999
933 371 995 431 9991
1020 369 1135 450 aequali
1155 381 1189 431 99

120 475 263 518 mensura
287 458 412 518 mixtum
436 459 525 537 capiti
547 455 709 517 laborantis
732 456 865 518 iulunde.
911 456 1082 537 serpullum
1106 461 1190 520 1999

121 553 209 606 99999
237 545 394 606 decoctum
423 545 515 606 fronti
543 544 705 606 laborantis
732 544 856 606 inlunde
883 545 929 606 991
954 547 1140 625 temporibus

94 636 259 714 einponito
283 642 313 694 et
336 636 362 694 si
386 652 509 695 somnus
535 633 665 694 difficilis
684 641 742 716 999,
766 633 831 695 9199
849 634 1033 714 amygdalino
1052 643 1141 715 caput

121 741 267 804 perunge.
304 721 394 783 betae
412 726 514 802 nigrae
534 741 624 784 sucus
643 722 828 801 temporibus
848 722 976 784 dolentis
990 725 1137 803 inpositus
1158 736 1195 786 94

122 815 234 872 mirum
263 812 427 872 remedium
455 819 509 872 est.
555 812 664 872 llutam
691 811 817 872 viridem
839 813 940 872 tritam
963 829 1031 873 oum
1055 821 1140 874 aceto
1159 823 1195 874 99

121 902 272 962 acerrimo
296 909 326 960 et
349 899 414 961 9199
436 918 558 962 9999999
577 900 694 980 aequali
712 918 851 961 mensura
871 908 934 961 toto
953 902 1043 980 capiti
1062 899 1142 961 labo·

121 991 219 1050 rantis
249 989 380 1050 infunde.
417 988 507 1050 Lauri
530 988 619 1050 bacas
641 987 755 1071 XXXV,
782 991 896 1070 piperis
919 1007 1009 1068 grana
1034 987 1141 1048 XXXV
1160 1001 1195 1052 99

83 1097 108 1136 10
122 1087 189 1139 9999
214 1086 245 1138 99
267 1080 353 1138 991999
377 1095 445 1138 cum
469 1076 606 1138 99191199
629 1077 809 1157 temperabis
837 1085 868 1139 et
890 1078 982 1140 199991
1006 1080 1141 1158 inpones.

123 1167 200 1228 Ossa
225 1166 262 1226 de
281 1167 407 1246 persicis
429 1168 518 1227 etiam
537 1166 688 1227 duracinis
707 1167 826 1246 franges
845 1175 875 1228 et
893 1167 1018 1228 nucleos
1035 1185 1140 1228 eorum
1159 1177 1193 1229 ot

122 1255 249 1333 colliges
272 1264 302 1316 99
325 1254 451 1316 siccabis
475 1257 507 1316 19
529 1254 636 1316 umbra
659 1264 780 1316 etcum
803 1273 927 1317 necesse
946 1255 1047 1336 luerit,
1070 1273 1140 1317 curn

123 1347 174 1405 991
197 1343 264 1404 albo
287 1343 467 1424 temperabis
490 1344 630 1406 99199991
649 1346 873 1424 999991999999.
912 1343 1008 1424 Caput
1026 1347 1053 1406 si
1071 1345 1138 1425 quis
1157 1355 1180 1405 a!

124 1435 169 1494 sic
194 1432 337 1515 doluerit,
365 1441 399 1495 ut
422 1433 553 1496 medium
576 1432 819 1514 individuum,
846 1433 974 1495 hederae
998 1441 1140 1496 contusae

83 1536 109 1578 u
126 1539 236 1582 sucum
258 1541 313 1602 999
335 1522 490 1583 linteolum
513 1521 670 1583 delicatum
693 1522 838 1582 mundum
861 1525 1007 1604 exprimat
1027 1531 1058 1582 99
1076 1522 1141 1582 9199

125 1613 217 1672 991991
240 1629 362 1672 9999999
386 1611 547 1671 admisceat
569 1617 600 1671 et
622 1613 666 1671 sic
684 1610 812 1671 frontem
832 1617 862 1671 99
880 1619 1014 1690 tempora
1032 1627 1141 1690 perun·

126 1709 177 1780 gat
196 1706 227 1759 et
245 1698 370 1760 cerebro
390 1706 420 1759 et
438 1697 560 1760 naribus
578 1699 648 1759 inde
663 1707 694 1759 et
708 1698 850 1759 auriculis
864 1697 1008 1759 inlundat.
1046 1698 1141 1776 Caput
1160 1709 1193 1759 99

126 1789 153 1848 si
178 1805 213 1847 99
233 1787 343 1866 irigore
363 1787 500 1868 doluerit,
519 1795 705 1865 unguentum
724 1788 836 1847 irinum
854 1805 923 1848 oum
941 1785 1007 1847 oleo
1025 1785 1141 1847 lauriuo

125 1878 221 1938 misce
244 1884 275 1936 99
298 1875 472 1937 calefactum
496 1873 621 1936 cerebro
643 1875 826 1953 superlunde
850 1883 880 1936 99
902 1877 1027 1954 1999999
1045 1875 1141 1940 lanam

85 1978 112 2018 2⁰
126 1973 249 2026 unctam
277 1967 357 2025 circa
384 1974 474 2044 caput
501 1981 587 2043 pone.
634 1961 667 2023 Si
689 1965 739 2024 cui
762 1963 841 2024 nulla
866 1963 903 2024 de
926 1981 1015 2024 causa
1038 1962 1195 2026 9919199199

126 2061 218 2133 eaput
242 2060 271 2112 et
294 2061 428 2132 tempora
452 2052 615 2133 doluerint,
643 2069 743 2132 myrra
766 2069 802 2112 99
825 2053 894 2113 9199
917 2054 1048 2114 crassius
1072 2053 1142 2113 trita

126 2151 263 2220 tempora
291 2140 416 2222 oblinat,
444 2140 491 2201 991
518 2139 615 2201 labam
643 2140 752 2201 lresam
779 2143 811 2201 iu
840 2159 916 2221 aqua
938 2143 1023 2221 prius
1048 2157 1143 2202 maee-

126 2239 235 2312 ratam,
261 2238 364 2309 postea
387 2232 418 2291 in
442 2231 509 2290 9199
529 2230 681 2290 decoctam
700 2231 801 2290 tritam
824 2229 900 2290 bene
924 2229 1029 2291 1911999
1053 2230 1144 2291 199991

126 2319 175 2380 991
198 2317 287 2379 bacas
309 2318 386 2379 lauri
409 2319 506 2398 inpari
529 2337 654 2380 numero
678 2327 812 2380 conterat
838 2321 935 2400 prius,
963 2318 1070 2379 deinde
1094 2317 1143 2379 ad·

87 2418 112 2460 19
127 2411 222 2469 911999
250 2407 314 2468 9199
343 2407 515 2486 diligentius
543 2415 621 2468 terat
652 2407 688 2467 ad
716 2409 812 2468 instar
839 2407 954 2488 collyrii
982 2416 1012 2469 99
1040 2415 1143 2487 999199

125 2495 262 2558 191199111
285 2495 438 2557 9919199199
461 2513 557 2575 eoque
580 2495 842 2574 99999999191999.
879 2495 1020 2575 Purgatio
1040 2507 1195 2558 autemto1

126 2587 243 2666 9991119,
267 2603 305 2645 99
329 2603 419 2666 supra
443 2587 553 2664 scripta
577 2592 746 2664 nascantur,
769 2585 926 2646 utilissima
945 2585 1041 2646 fertur
1061 2584 1143 2664 haec,

126 2677 153 2735 si
176 2674 281 2754 hysopi
305 2682 356 2734 aut
380 2676 493 2752 origani
516 2673 737 2734 summitatibus
761 2675 898 2734 contritis
922 2679 952 2733 99
975 2691 1012 2733 99
1030 2671 1143 2733 mulsae

126 2781 223 2842 aquae
247 2761 342 2842 cotyla
365 2762 487 2822 dimidia
510 2764 603 2823 coctis
627 2779 660 2822 os
684 2761 806 2822 adsidue
832 2761 990 2822 conlueris.
1028 2760 1196 2841 Capitistot

88 2851 231 2913 uulnera
265 2853 324 2912 cito
353 2859 508 2931 sanantur,
542 2853 567 2912 si
596 2869 668 2911 suco
697 2850 733 2910 dc
762 2849 974 2918 betac,radioe
1002 2867 1143 2930 expresso

126 2947 219 3020 caput
241 2941 273 3000 in
296 2938 401 2999 balneo
425 2939 612 3018 perfricetnr.
656 2938 687 2999 Si
711 2941 814 3000 99119
837 2941 934 3019 999199
957 2938 1064 3000 tubera
1087 2956 1135 2999 na·
1144 2951 1195 3001 199

127 3036 269 3110 9999999,
302 3031 439 3106 cupressi
471 3028 559 3089 bacas
588 3028 699 3088 virides
731 3029 762 3088 in
795 3029 863 3088 rino
891 3027 1029 3089 decoctas
1057 3029 1143 3089 tritas

127 3115 287 3179 tuberibus
310 3118 446 3198 adponat,
469 3119 509 3178 ita
532 3127 566 3178 ut
589 3135 643 3196 per
666 3117 730 3176 dies
754 3118 885 3196 quinque
909 3118 940 3176 in
964 3119 1060 3197 capite
1081 3116 1142 3176 alli-

126 3213 229 3287 gatum
250 3214 280 3266 99
298 3207 447 3285 signatum
465 3205 648 3266 medicamen
667 3213 796 3288 maneat3
820 3213 889 3284 post
907 3204 986 3266 diem
1005 3207 1143 3284 quintum

86 3313 112 3354 ae
126 3295 223 3357 solvat
246 3313 280 3355 ac
299 3303 423 3355 renovet
446 3302 477 3355 99
499 3294 565 3376 1199,
588 3296 614 3354 91
637 3312 760 3354 9999999
779 3295 878 3373 199919,
901 3301 1018 3354 terant
1037 3299 1143 3372 quater

203 3418 218 3465 1
237 3412 367 3466 99999919.
443 3417 476 3466 10
495 3411 541 3467 991
559 3412 673 3480 scripsi:
692 3427 752 3467 999.
824 3415 857 3463 14
875 3409 1009 3480 hederae]
1030 3409 1142 3464 hebere.

127 3484 279 3540 19119999.
351 3488 386 3538 20
406 3482 488 3538 circu.
561 3487 595 3536 28
614 3481 721 3536 mnlsee
739 3481 842 3551 eques]
862 3480 1017 3547 mulseque.
