2540 3802
492 129 731 193 —255-

192 291 301 352 Multos
325 309 393 351 cum
416 291 609 351 admiratione
634 291 758 351 effectus
777 291 942 351 audivimus
962 302 1117 354 narrantes
1135 306 1152 354 9

104 469 285 548 verruculae,
304 468 357 528 has
376 468 457 528 datas
477 470 563 528 tritas
584 486 619 527 ex
639 486 732 546 aquae
753 467 867 547 cyathis
886 467 982 529 tribus
1002 469 1114 531 findere

103 566 133 618 et
156 575 210 636 per
233 560 350 617 urinam
374 556 529 617 extrahere
553 556 666 634 lapides
690 556 726 616 de
749 558 870 617 vessica.

75 665 88 705 a
192 647 236 706 ad
256 645 420 706 calculosos
439 645 604 705 remedium
624 644 696 705 utile
715 647 771 705 sic:
796 645 969 705 Cucumeris
985 649 1115 728 seminis,
1135 659 1168 709 10

102 735 198 814 dauci,
222 737 313 814 anesi,
336 736 403 812 apii,
427 733 603 813 petrosilini,
627 751 751 812 myrrae,
771 733 955 812 singulorum
976 735 1114 796 denarios

103 831 218 903 ternoS,
242 825 338 882 casiae
362 822 555 902 daphnitidis,
578 823 715 902 cinnami,
739 822 833 903 nardi,
856 821 1042 900 singulorum
1066 824 1115 885 de·

102 914 202 971 narios
226 911 366 990 singulos.
406 910 487 970 Trita
511 909 583 970 haec
607 912 704 970 omnia
728 928 804 989 aqua
828 910 1017 991 colliguntur,
1041 913 1116 974 livrnt

102 1000 211 1078 pastilli
234 999 330 1078 lupini
352 998 564 1077 magnitudine,
588 998 697 1058 dantur
716 1000 815 1059 ieiuno
835 1017 871 1058 ex
890 1017 982 1078 aquae
1002 1001 1115 1080 cyathis

61 1109 88 1146 ιο
103 1091 197 1149 ternis
221 1106 274 1166 per
298 1089 361 1148 dies
381 1086 439 1148 XL.
474 1086 537 1148 lloc
557 1087 805 1147 medicamentum
824 1088 961 1147 tunditur
981 1089 1025 1150 vel
1045 1108 1114 1150 con·

102 1179 225 1255 ponitur
251 1179 283 1236 in
307 1177 364 1255 pila
388 1176 484 1254 lignea
508 1183 538 1235 et
561 1176 619 1254 pilo
643 1176 754 1256 ligne03
784 1178 835 1254 qui
863 1178 1019 1238 contundit
1043 1197 1113 1239 anu·

101 1265 163 1326 lum
183 1265 312 1325 ferreum
331 1282 392 1324 non
410 1265 531 1345 habeat;
549 1263 626 1324 hanc
645 1267 723 1324 enim
744 1266 987 1342 superstitionem
1006 1266 1116 1330 adiecit

102 1353 277 1414 Ambrosius
304 1353 438 1413 medicus
461 1352 656 1433 Puteolanus,
685 1355 736 1432 qui
761 1353 927 1414 adfirmavit
949 1354 1058 1416 multos
1083 1374 1114 1416 se

102 1442 159 1500 hoc
180 1441 393 1501 medicamento
414 1459 542 1502 sanasse.
570 1441 732 1502 Detrahere
752 1450 849 1502 autem
865 1441 939 1502 dixit
952 1452 1021 1520 post
1036 1444 1114 1504 diem

61 1549 88 1590 15
104 1531 262 1608 septimum
286 1531 429 1608 fragmina
454 1530 596 1609 quaedam
621 1530 751 1608 lapidum
776 1532 860 1607 qtvasi
882 1529 1031 1591 harenam.

192 1618 234 1677 ld
250 1617 421 1698 calculosos,
440 1617 578 1690 lienosos,
595 1618 774 1698 hydropicos
788 1618 1038 1679 medicamentum
1052 1620 1114 1679 elti-
1133 1633 1166 1681 11

102 1725 164 1787 cax,
183 1706 262 1785 qnod
282 1715 312 1766 et
330 1709 446 1767 urinam
466 1706 595 1766 detrahit
613 1715 643 1766 et
661 1706 774 1784 lapides
791 1708 822 1765 in
837 1707 949 1766 vessica
964 1717 1113 1787 extenuat,

102 1797 259 1856 coniicitur
282 1798 337 1856 sic:
361 1795 485 1874 Eryngi,
508 1794 654 1873 pyrethri,
678 1794 836 1873 saliuncae,
859 1796 1032 1876 saxifragae,
1055 1798 1113 1856 sin·

102 1883 239 1962 gulorum
263 1883 401 1944 denarios
425 1884 531 1962 denos,
554 1882 638 1962 polii,
663 1883 737 1962 lolii,
761 1882 961 1963 aristolociae,
985 1884 1113 1962 singulo·

61 1991 169 2032 aarum
198 1972 223 2031 li
251 1975 372 2052 quinos,
403 1973 619 2051 oxymyrsines,
650 1989 725 2049 quae
754 1989 841 2050 scopa
872 1973 952 2050 regia
983 1981 1113 2054 vocatur,

103 2062 167 2121 suci
190 2060 346 2122 heminam.
379 2060 458 2120 llaec
478 2061 574 2119 omnia
595 2067 717 2119 contusa
738 2068 766 2119 et
786 2057 914 2119 cribrata
933 2059 1113 2138 colliguntur

102 2167 137 2210 ex
161 2167 246 2228 aqna,
269 2151 344 2210 fiunt
366 2148 476 2228 pastilli
499 2147 684 2226 singulorum
708 2148 907 2226 denariorum,
931 2148 1039 2208 dantur
1062 2149 1112 2210 lie·

101 2239 183 2298 nosis
207 2256 243 2298 ex
266 2247 350 2298 aceto
374 2247 404 2298 et
425 2236 520 2297 mellis
539 2236 652 2315 cyathis
671 2236 777 2315 tribus,
796 2235 952 2297 calculosis
971 2255 1007 2296 ex
1026 2256 1113 2316 passo

101 2329 201 2407 mixto,
226 2334 369 2404 quantum
393 2344 498 2386 manus
522 2327 609 2406 capit,
633 2333 684 2385 aut
707 2333 783 2386 testa
804 2324 954 2386 auriculae
973 2328 1112 2387 marinae.

59 2433 86 2474 aa
101 2414 186 2485 Quod
210 2415 458 2476 medicamentum
483 2415 569 2475 datur
592 2431 646 2492 per
670 2413 734 2474 dies
753 2412 835 2486 XLV,
860 2415 945 2474 cuius
967 2413 1111 2475 heuelicio

100 2506 130 2563 in
159 2503 298 2564 harenam
327 2503 483 2564 solvuntur
510 2502 623 2582 lapides
651 2503 682 2562 in
712 2503 826 2562 vessica
851 2503 976 2582 reperti3
1005 2502 1111 2582 hydro-

100 2593 174 2671 picis
198 2600 296 2652 autem
321 2611 357 2652 ex
380 2591 469 2652 mulsi
492 2593 577 2651 mixti
600 2590 714 2670 cyathis
737 2590 833 2651 trihus
857 2591 986 2651 dandum
1010 2600 1064 2652 est.

189 2679 298 2740 Contra
317 2679 462 2741 calculum
482 2687 512 2740 et
530 2679 601 2740 alias
619 2679 810 2740 difficultates
824 2681 955 2740 vessicae
969 2680 1111 2761 lapillum,
1131 2691 1163 2739 12

101 2771 152 2847 qui
174 2771 206 2828 in
230 2768 384 2846 gallinacei
407 2770 520 2828 vessica
543 2776 594 2828 aut
615 2770 647 2827 in
665 2767 797 2846 palumbi
816 2768 980 2830 ventriculo
999 2772 1111 2829 inveni·

59 2877 86 2916 so
100 2866 164 2937 tur,
192 2859 308 2917 conteri
336 2865 366 2917 et
393 2860 509 2935 aspergi
535 2859 650 2936 potioni
671 2857 801 2936 prodest.
843 2856 916 2917 ltem
939 2857 1111 2918 membrana

100 2945 258 3005 ventriculi
277 2947 341 3005 eius
360 2947 438 3019 trita,
458 2945 546 3005 fimus
564 2964 683 3024 quoque
703 2944 890 3006 columbinus
906 2947 935 3004 in
951 2945 1016 3006 laha
1032 2965 1110 3006 sum·

100 3042 181 3114 ptus,
210 3035 281 3094 item
309 3033 425 3112 glebula
454 3033 489 3093 de
521 3033 589 3094 nido
620 3033 815 3094 hirundinum
849 3033 941 3095 diluta
969 3053 1005 3094 ex
1035 3053 1110 3112 aqua

100 3121 193 3182 calida
216 3132 284 3201 pota
308 3122 438 3200 prodest.

189 3281 204 3329 2
229 3274 357 3346 Casilini]
380 3281 533 3344 suspectum
557 3276 607 3330 hoc
632 3291 742 3340 nomeu,
765 3275 844 3329 cuius
870 3275 927 3328 loco
950 3271 1112 3327 Scribonius

96 3352 220 3416 praestat
239 3345 300 3401 Caii
317 3345 379 3400 Iuli.
470 3343 692 3414 edenariorum,
711 3347 774 3399 item
793 3351 817 3398 l.
903 3348 935 3397 18
955 3341 1110 3412 saxifrigae.

102 3423 134 3472 19
158 3418 341 3473 denariorum.
432 3422 466 3471 26
490 3419 601 3472 harena.
697 3415 846 3485 ydropicis.
937 3419 971 3468 nt
995 3414 1039 3468 est
1060 3429 1110 3469 om.

100 3494 133 3542 32
152 3489 234 3544 idem.
307 3489 502 3544 harundinum.
