2636 3790
476 133 690 198 -19-

72 295 175 376 habui,
203 299 237 356 in
260 296 342 357 herne
366 295 476 358 librum
504 295 625 380 contuli,
654 317 742 378 quem
770 299 806 360 ad
829 307 859 360 te
883 302 959 362 misi.
996 301 1090 382 Cupie

72 387 150 446 enim
178 385 299 446 medius
327 383 415 445 fidius
444 403 500 464 qua
526 403 650 465 possum
679 395 747 448 tuae
775 390 806 448 in
830 406 877 448 me
908 397 966 451 tem
989 409 1090 470 perse-

70 476 186 536 veranti
204 473 431 535 benevolentiae
445 473 627 554 respondere
641 476 762 538 adiutus
775 477 857 538 omui
872 485 1005 558 tempore
1020 499 1036 540 a
1051 490 1090 563 te,

69 566 234 643 praecipue
252 581 323 624 vero
342 565 409 624 istis
427 563 541 625 diebus.
575 561 612 624 Ut
630 567 760 644 primum
780 567 859 626 enim
878 569 1010 648 potuisti,
1029 587 1089 630 non
1109 577 1143 626 ta

47 671 98 713 ses
121 669 235 732 passos
259 669 378 714 cessare
400 661 468 714 tuae
493 669 628 732 argemo
647 656 767 732 pietatis
790 655 922 715 officium
945 656 1088 718 tradendo

68 745 182 821 scripta
207 759 274 801 mea
297 741 400 802 Latine
424 742 460 802 de
484 741 709 804 medicinalibus
733 751 836 804 nostro
859 741 992 824 Caesari,
1016 763 1089 825 quo·

67 847 133 891 rnm
159 837 342 909 potestatem
366 830 421 891 tihi
444 831 582 910 feceram,
605 839 639 891 nt
658 833 725 910 ipse
741 834 825 910 prior
843 831 959 910 legeres
978 833 1087 913 simpii·

67 922 206 998 eiterque
236 919 384 980 indicares
412 919 498 1000 mihi,
527 919 598 999 qnid
622 922 751 982 sentires
774 921 812 982 de
834 920 895 1002 iris;
925 920 1088 1000 pinrimum

66 1012 147 1068 enim
172 1007 287 1068 iudicio
310 1016 363 1068 tuo
385 1007 492 1069 tribuo.
532 1008 577 1070 Tu
600 1025 691 1086 porro
711 1009 921 1070 candidissimo
939 1011 1038 1072 animo
1057 1019 1087 1073 et

34 1118 54 1157 u
67 1115 136 1176 erga
172 1115 223 1157 me
256 1095 534 1158 benevolentissime
573 1098 679 1175 dignos
706 1101 825 1159 nomine
855 1099 994 1160 editionis
1027 1119 1086 1162 non

66 1186 169 1246 verbis
193 1185 248 1246 sed
272 1203 305 1245 re
328 1183 461 1264 prohasti
484 1187 711 1266 periculumque
734 1203 794 1248 nen
813 1190 911 1249 minus
930 1196 964 1250 tu
982 1189 1087 1251 iudicii

66 1291 158 1354 quom
191 1290 248 1352 ego
282 1274 341 1335 stiii
373 1282 496 1353 propter
523 1291 570 1336 me
599 1274 699 1356 adisti,
728 1295 786 1356 quo
814 1286 948 1356 tempore
976 1278 1085 1340 divinis

65 1363 208 1424 manibus
229 1379 263 1422 ea
281 1363 424 1424 tradendo
444 1365 634 1426 consecrasti.
662 1363 769 1426 Fateor
787 1368 889 1446 itaque
906 1383 954 1427 me
973 1369 1084 1446 gratias
1105 1377 1139 1426 14

65 1453 120 1513 tihi
155 1469 259 1533 agere,
293 1453 371 1531 quod
400 1460 429 1512 et
455 1455 540 1532 prius
574 1471 661 1534 qiidm
691 1457 839 1534 rogareris
871 1459 1086 1517 consummasti

31 1563 51 1603 u
65 1543 252 1602 amicissimo
275 1541 382 1602 affectu
406 1549 472 1602 rota
495 1559 559 1602 mea
584 1553 614 1604 et
637 1543 716 1621 quod
740 1546 865 1624 contigit
888 1545 961 1606 mihi
984 1545 1083 1605 farore

65 1639 117 1691 tuo
153 1631 349 1690 maturiorem
383 1632 538 1709 percipere
567 1631 658 1694 studii
685 1631 776 1694 huius
803 1635 862 1693 mei
890 1633 1021 1693 fructum
1050 1651 1084 1694 ac

65 1719 259 1797 voluptatem.
301 1715 441 1797 ignosces
464 1727 576 1801 autem,
604 1721 629 1782 si
656 1737 768 1798 paucae
793 1720 847 1781 tibi
869 1722 948 1780 visae
973 1720 1085 1781 inerint

65 1809 291 1886 conpositiones
315 1815 345 1868 et
368 1822 428 1867 non
452 1808 604 1870 adomnia
624 1809 693 1868 vitia
713 1812 855 1888 scriptae3
879 1825 983 1868 sumus
1003 1809 1084 1870 enim

65 1905 99 1956 nt
129 1899 190 1956 seis
218 1913 344 1974 peregre
377 1913 433 1956 nee
467 1901 603 1976 sequitur
635 1915 689 1956 nos
722 1899 781 1957 nisi
813 1897 1001 1957 necessarius
1034 1897 1082 1957 ad-

30 2006 53 2045 so
66 1985 191 2044 modum
211 2000 356 2045 numerus
373 1982 549 2047 libellorum.
582 1986 689 2047 Postea
708 1993 815 2064 autem,
841 1987 867 2045 si
885 1993 915 2045 et
934 1983 989 2044 tibi
1003 1985 1083 2045 vide·

65 2073 159 2151 bitur,
180 2072 217 2133 ad
237 2071 352 2152 sirrguia
372 2091 506 2152 quaeque
526 2075 627 2154 piures
651 2075 871 2153 conpositiones
895 2071 1082 2154 colligemns3

66 2169 188 2242 eportet
213 2163 291 2222 enim
315 2163 429 2242 copiam
450 2179 569 2242 qnoque
588 2179 690 2224 earum
710 2162 849 2224 seieetam
868 2161 987 2244 habere,
1011 2181 1082 2242 quo·

65 2253 146 2311 niam
179 2267 284 2310 revera
316 2250 459 2329 quaedam
493 2254 584 2331 magis
618 2251 793 2332 quibusdam
827 2259 858 2312 et
888 2269 948 2312 non
979 2269 1082 2314 omnes

66 2338 208 2400 omnibus
227 2341 407 2400 conveniunt
425 2348 548 2420 propter
568 2341 763 2402 differentiam
783 2339 899 2402 sciiicet
912 2359 1081 2422 corporum.

33 2449 54 2489 rs
67 2427 203 2498 Quarum
221 2429 339 2488 initium
358 2447 374 2488 a
393 2429 490 2508 capite
509 2429 660 2509 iaciemus,
680 2447 828 2491 summum
847 2432 927 2490 enim
948 2440 978 2492 et
996 2433 1082 2510 quasi
1102 2439 1135 2488 15

66 2519 199 2596 primum
221 2515 321 2577 locum
343 2516 401 2578 hoe
424 2519 552 2598 optinet,
580 2518 684 2580 dantes
711 2535 845 2598 operam,
873 2525 907 2579 ut
936 2518 1081 2598 simplicia

67 2605 200 2666 remedia
228 2607 323 2684 prima
356 2622 492 2686 quaeque
524 2623 682 2690 ponamns3
714 2608 865 2668 interdum
898 2609 978 2668 onim
1007 2607 1080 2668 haec

67 2696 236 2755 efficaciora
260 2702 330 2755 sunt
354 2711 442 2774 quam
465 2711 501 2756 ex
524 2696 661 2775 pluribus
684 2698 837 2776 conposita
857 2695 1080 2757 medicamenta.

65 2782 131 2844 Erit
155 2790 256 2843 autem
278 2791 347 2844 neta
371 2783 485 2844 denarii
508 2803 562 2863 pro
582 2783 693 2847 Graeca
711 2785 865 2865 drachma;
888 2803 980 2864 aeque
1001 2787 1081 2846 enim

33 2874 95 2935 sein
118 2871 196 2932 libra
220 2871 333 2932 denarii
354 2871 514 2932 LXXXiiii
536 2875 614 2952 apud
637 2893 692 2936 nos
715 2882 797 2954 sunt,
823 2876 901 2934 sicot
923 2873 1080 2934 drachmae

66 2961 142 3040 apud
168 2960 297 3021 Graecos
320 2963 487 3022 incurrunt.

135 3150 413 3218 iperseverentiem.
462 3157 495 3205 10
509 3167 554 3206 me
569 3167 618 3206 oro.
667 3150 935 3206 benivolentissime.
983 3149 1078 3220 digne.

66 3227 96 3274 11
123 3222 156 3274 tn
185 3220 343 3274 Buecheler:
372 3221 422 3275 tui.
515 3228 547 3276 16
570 3222 638 3294 mei]
664 3239 717 3277 me.
810 3229 842 3277 it
866 3225 980 3294 ignosce
999 3223 1077 3288 (ros.)

65 3298 98 3345 24
112 3295 179 3360 posi
203 3307 352 3360 corporum
376 3294 440 3348 cdd.
462 3291 614 3348 &ruamus
634 3295 664 3348 et
683 3291 872 3347 affectionum.
959 3297 993 3344 26
1011 3289 1079 3360 hoe]

65 3363 146 3416 hunc.
231 3362 330 3416 dantes
359 3363 486 3434 operam]
516 3364 657 3418 medentis
685 3377 778 3432 opere.
813 3376 816 3380 ·
874 3368 907 3414 29
928 3359 1077 3439 .d¹[³ssh!¹³⁰²

65 3436 127 3488 item
145 3433 239 3555 ΙῙίαυῑο
266 3433 352 3499 iufra.
437 3439 470 3487 31
494 3433 572 3488 Finit
594 3433 716 3502 epistula
741 3432 840 3499 prima.
876 3428 981 3494 Incrprt
1008 3441 1078 3480 mus·

66 3504 128 3558 dem
174 3543 181 3554 .

868 3584 917 3632 ea
982 3545 985 3550 ¹
