2636 3790
604 125 819 189 „12-

207 289 440 369 cheragricique,
459 287 582 349 morbus
601 288 691 348 etiam
709 285 877 348 articularis
895 283 965 344 binc
985 283 1120 344 accidere
1136 283 1223 344 solet.
1277 321 1278 324 =

207 377 333 448 Quidam
366 379 454 437 etiam
486 377 562 436 fiunt
590 383 734 456 amentes,
768 372 945 454 quibusdam
978 373 1067 433 etiam
1100 375 1223 451 sanguis

208 483 364 544 erumpere
384 484 401 526 e
420 464 544 525 naribus
562 463 646 525 solet.
675 465 801 542 Oportet
819 480 889 540 crgo
909 463 1029 522 occurri
1047 468 1107 522 tam
1126 463 1278 539 gravi-1

173 555 264 616 9bus
294 553 378 614 malis
409 555 563 614 curatione
588 552 750 656 praedicta.
799 551 824 610 Α
851 551 949 611 vesica
976 551 1030 629 qui
1056 558 1223 611 nascuntur

207 642 304 705 morbi
332 643 405 704 baec
433 642 547 703 dabunt
572 643 668 720 signa:
695 641 780 702 Pleni
802 638 983 700 videbuntur
1006 645 1036 698 et
1059 640 1119 698 cito
1142 645 1223 698 satu·
1253 647 1278 706 el

208 734 277 814 rari,
301 749 376 811 quos
399 730 544 811 gravabit3
572 736 698 809 sequent
699 747 736 790 ur
763 727 931 788 inflationes
958 729 1071 787 ventris
1099 734 1129 788 ct
1157 745 1223 787 cre·
1277 753 1278 810 3

208 823 289 900 pitus
309 819 416 900 crebri,
435 818 616 880 videbuntur
630 819 757 878 oscitare
772 835 827 877 nec
841 814 1020 920 oscitabunt,
1039 815 1091 876 sed
1106 822 1222 876 tantum

209 928 242 970 os
266 908 422 988 diducent,
445 915 588 987 sequetur
615 908 708 967 totius
738 907 874 985 corporis
902 911 1007 983 stupor
1039 921 1278 982 somnusque
1277 947 1278 950 ,

209 999 308 1076 gravis
337 998 422 1075 quasi
448 1015 578 1076 marcor,
607 995 658 1056 liet
685 996 771 1056 urina
801 993 890 1054 livida
918 1000 948 1053 et
976 994 1023 1052 vix
1052 1009 1223 1071 erumpens,
1277 983 1278 1050 Ξ

209 1091 378 1146 tumescent
397 1087 483 1145 etiam
503 1091 629 1162 veretra,
647 1083 717 1144 inde
737 1092 766 1144 ct
785 1081 927 1144 calculosi
939 1082 1020 1142 fient.
1057 1080 1137 1141 Haec
1152 1083 1224 1141 vitia
1240 1097 1278 1140 rot

210 1175 253 1233 sic
277 1172 486 1232 emendantur:
514 1171 690 1232 Feniculum
714 1179 743 1232 et
767 1173 866 1250 apium
890 1172 957 1230 vino
981 1176 1100 1230 austero
1124 1169 1224 1230 made·
1277 1231 1278 1236 ,

209 1261 298 1322 facito
326 1260 372 1320 vel
400 1262 489 1321 etiam
517 1279 619 1320 earum
646 1259 808 1320 herbarum
831 1259 946 1320 radices
974 1267 1095 1319 contere
1128 1265 1159 1318 et
1187 1276 1223 1318 cx
1277 1251 1278 1326 1

209 1351 271 1410 vini
305 1348 418 1428 cyathis
450 1348 568 1409 duobus
600 1356 630 1408 et
658 1348 833 1408 tantundem
860 1364 954 1426 aquae
979 1345 1092 1407 calidae
1120 1348 1223 1425 accipe
1277 1371 1278 1434 1

211 1437 333 1498 adsidue
356 1437 403 1497 vel
426 1437 514 1498 dauci
537 1454 638 1497 semen
662 1443 693 1496 et
715 1444 845 1516 myrtum
868 1454 905 1496 ex
928 1453 1004 1514 aqua
1025 1434 1120 1496 calida
1138 1453 1224 1496 sume

211 1525 257 1586 vel
276 1528 355 1586 cicer
374 1525 483 1608 album,
506 1543 566 1586 non
585 1527 744 1586 arietinum
764 1525 961 1586 madefactum
981 1525 1057 1604 vino,
1080 1531 1115 1584 ut
1132 1541 1223 1602 supra
1239 1539 1268 1580 15

211 1616 332 1695 scripsi,
360 1613 446 1674 ebibe
474 1612 520 1674 vel
547 1613 678 1674 radicem
701 1615 836 1692 asparagi
858 1612 905 1673 vel
933 1630 1036 1673 ervum
1064 1614 1225 1674 erraticum

211 1702 258 1762 vel
281 1702 445 1781 serpullum
469 1703 602 1781 decoque
635 1705 760 1780 eiusque
789 1719 894 1781 aquam
917 1703 985 1762 vino
1006 1702 1127 1762 mixtam
1147 1700 1224 1762 bibe.

212 1790 294 1861 Quae
318 1793 370 1870 qui
393 1790 563 1870 neglegunt,
587 1791 663 1851 fiunt
681 1790 849 1870 hydropici3
873 1791 1010 1869 sequitur
1028 1791 1066 1849 iis
1084 1791 1225 1851 iocineris

212 1887 242 1940 et
263 1882 380 1940 renium
400 1887 430 1940 ct
448 1881 564 1940 vesicae
583 1878 675 1940 dolor.
713 1879 797 1939 Fient
818 1896 936 1958 quoque
955 1877 1106 1959 calculosi,
1129 1887 1224 1939 strau-

212 1970 327 2046 guriam
364 1967 429 2029 tubi
467 1966 658 2028 sustinebunt
698 1975 727 2028 et
759 1969 872 2028 ventris
905 1976 1060 2027 tumorem.
1111 1965 1225 2028 Intueri
1239 1984 1268 2026 so

212 2065 311 2118 autem
336 2063 454 2134 oportet
472 2057 553 2134 aegri
572 2058 659 2136 vires,
684 2055 831 2134 quomodo
849 2057 945 2134 possit
965 2056 1113 2116 sustinere
1132 2055 1224 2116 medi-

212 2147 322 2226 cinam,
350 2153 385 2205 ut
411 2147 453 2204 ita
481 2143 558 2204 iebri
586 2151 616 2205 et
644 2144 785 2204 cruditati
812 2146 876 2204 cius
905 2142 1089 2204 adhibeatur.
1134 2143 1224 2204 Fiunt

212 2251 282 2311 ergo
316 2230 522 2311 cataplasmata
555 2231 805 2313 adhibenturque,
838 2251 914 2310 quae
941 2239 1009 2310 apta
1037 2233 1097 2292 sint
1125 2234 1223 2312 capiti,

212 2323 318 2400 ventri,
341 2323 466 2400 vesicae,
490 2319 638 2400 cruditati,
661 2321 775 2402 frigori,
798 2320 897 2402 calori,
920 2327 1011 2398 prout
1035 2327 1152 2400 tempus
1176 2338 1223 2380 ex-

212 2411 315 2487 egerit.
353 2408 402 2468 Uti
425 2416 525 2468 autem
547 2408 582 2468 ad
606 2409 679 2469 baec
703 2415 821 2488 oportet
842 2427 918 2489 rosa,
942 2416 1034 2489 aceto,
1058 2411 1135 2490 vinc,
1159 2408 1222 2470 oleo
1238 2427 1266 2468 25

211 2499 298 2578 irino,
321 2497 452 2576 linguam
477 2515 596 2576 quoque
619 2500 701 2575 aegri
723 2515 858 2577 asperam
881 2497 968 2558 melle
995 2497 1152 2576 perfricari
1178 2496 1223 2558 vel

211 2593 329 2646 mentae
358 2584 444 2666 lolio,
473 2585 588 2664 reliqua
615 2585 750 2664 diligenti
776 2585 892 2646 medico
920 2585 1119 2664 permittenda
1145 2594 1224 2667 sunt,

160 2689 194 2738 10
213 2677 282 2753 quia
309 2676 391 2734 iuxta
419 2672 539 2734 morbos
567 2673 655 2735 debet
682 2673 824 2735 adbibere
847 2673 1032 2735 medicinam.
1079 2673 1223 2744 Quoniam

212 2762 330 2822 ostendi
353 2764 488 2840 corporis
512 2764 576 2822 sani
599 2770 629 2822 et
649 2761 780 2824 inbecilli
798 2769 883 2823 notas
902 2781 956 2842 per
975 2765 1092 2822 urinam
1111 2763 1222 2824 denun-

212 2853 280 2910 tiari
304 2857 334 2911 et
321 2850 453 2910 tadieci
480 2853 668 2912 curationum
691 2851 822 2932 consilia,
845 2869 926 2912 nunc
949 2859 980 2912 11
1003 2853 1221 2929 conpositiones
1236 2879 1264 2920 so

212 2939 497 3000 medicamentorum
511 2939 644 3020 adiciam,
660 2957 752 3000 unum
772 2958 810 3000 ne
828 2947 989 3001 nascantur
1008 2941 1127 3018 corpori
1146 2942 1223 3021 vitia,

212 3027 339 3089 alterum
362 3035 396 3088 ut
420 3028 585 3088 emendatio
609 3030 765 3089 sanitatem
788 3028 920 3090 reducat.
957 3027 1106 3090 Adversus
1125 3037 1223 3090 autem

212 3133 316 3177 omnes
349 3117 470 3194 inpetus
493 3115 670 3177 ,morborum
698 3116 756 3178 duo
785 3125 856 3178 sunt
883 3116 1014 3178 remedia
1042 3119 1223 3179 certissima:

211 3207 342 3284 primum
366 3212 420 3287 est,
444 3205 558 3266 decimo
583 3223 701 3285 quoque
725 3205 772 3266 die
796 3214 830 3267 ut
853 3213 882 3266 te
906 3205 1054 3266 abstineas
1074 3224 1090 3265 a
1109 3205 1176 3266 cibo
1195 3215 1224 3267 et

284 3413 506 3484 lcbercgriqoe
603 3411 725 3468 morbos.
825 3411 892 3483 31]
915 3428 940 3466 o.
1037 3411 1223 3470 8deducent.
1277 3445 1278 3480 1

212 3481 346 3552 sequitur.
395 3489 428 3539 ta
447 3483 544 3554 cyclis.
591 3487 623 3538 to
643 3483 808 3554 stranguria.
855 3488 890 3536 34
908 3481 1007 3552 prima.
1053 3486 1086 3540 111
1099 3484 1143 3556 te]
1158 3485 1223 3542 uite.
