2528 3814
496 142 732 208 -265-

106 306 259 368 Confectio
283 313 381 366 autem
405 305 538 366 universi
561 305 766 366 medicaminis
784 305 858 366 baec
878 316 936 366 est:
961 305 1120 386 Sanguinis

104 395 194 456 huius
217 395 295 456 hirci
318 393 432 474 -ΙΙΙ,
462 395 575 473 piperis
599 393 658 454 albi
683 393 768 474 -Ι,
795 393 896 474 polypi
919 398 1017 456 extrsti
1040 398 1118 457 cine·

105 487 148 545 ris
167 483 273 564 -ΙΙΙ,
291 483 386 563 thymi
403 482 483 564 -Ι,
506 482 586 563 pulei
605 481 682 563 -Ι,
702 484 761 561 apii
781 485 902 544 seminis
924 483 1000 563 -Ι,
1019 493 1120 564 petro·

13 571 14 642 ᾗ
105 573 186 634 silini
208 573 392 634 Macedonici
414 571 498 652 -Ι,
522 573 644 632 seminis
668 571 782 632 olisatri
807 603 845 614 -
862 571 883 632 l.
921 571 1000 632 llaec
1021 577 1119 634 omnia

77 663 265 742 sseparatim
285 653 376 722 'tunsa
404 669 435 721 et
457 660 493 721 ad
516 659 699 720 levissimum
721 659 875 740 pulverem
897 661 1017 721 redacta
1042 681 1119 722 com·

105 752 214 811 misces
238 758 268 811 et
291 749 374 810 dabis
397 749 525 830 infirmo,
547 749 654 810 melius
679 750 705 808 si
728 748 776 808 die
798 749 876 808 Solis
899 757 951 810 aut
969 749 1046 810 lovis
1071 769 1118 810 co·

105 837 205 899 cliaris
228 857 398 900 mensuram
420 840 452 898 in
475 839 551 898 meri
573 839 694 917 potione
718 845 769 898 aut
788 839 1005 917 cuiuscumque
1023 839 1119 900 dulcis

13 897 15 1022 Ι
104 927 212 1006 poculi.
249 927 409 988 Providere
433 933 532 987 autem
556 925 656 1007 debes,
679 933 713 986 ut
732 925 846 1004 digesto
867 945 900 987 ac
918 929 1018 988 ieiuno
1038 931 1118 1006 potio

13 1023 15 1076 ἕ
104 1015 194 1077 detur
217 1023 247 1076 et
269 1033 391 1076 rursum
415 1023 449 1076 ut
472 1014 574 1075 eadem
597 1016 718 1094 potione
741 1013 818 1074 bene
837 1014 950 1094 digesta
970 1015 1053 1076 cibos
1072 1035 1118 1078 ac·

13 1139 15 1182 p
62 1119 90 1160 1o
105 1106 209 1184 cipiat,
240 1112 270 1164 et
294 1121 328 1164 eo
352 1103 458 1164 melius
487 1105 556 1185 erit,
585 1106 610 1164 si
633 1103 709 1164 banc
732 1105 884 1182 potionem
908 1123 976 1166 cum
999 1105 1119 1166 condito

104 1201 173 1272 post
196 1192 347 1253 balineum
370 1194 402 1252 in
426 1191 543 1252 sabanis
567 1192 664 1252 adhuc
688 1193 869 1252 constitutus
894 1196 1052 1272 acceperit.

13 1355 15 1384 Ι
194 1280 291 1361 Supra
311 1283 408 1340 omnia
428 1280 531 1342 efficax
550 1279 629 1342 aliud
649 1299 686 1340 ex
705 1299 740 1341 eo
760 1281 851 1342 facies
869 1282 1118 1344 medicamentum
1138 1296 1172 1346 eu

13 1393 15 1424 t
104 1371 162 1431 sic:
187 1369 314 1449 Sanguis
338 1369 473 1430 hircinus
497 1387 530 1430 ea
554 1369 761 1430 observatione
785 1388 843 1449 qua
862 1389 952 1450 supra
971 1374 1119 1451 excipitur

13 1447 15 1452 ’
104 1460 135 1518 in
159 1458 264 1537 patella
287 1458 385 1518 ferrea
408 1458 562 1540 candente,
585 1466 619 1519 ut
642 1459 728 1519 aduri
751 1461 846 1538 possit
868 1467 899 1520 et
922 1462 1029 1539 stringi
1050 1479 1119 1522 con·

62 1563 89 1604 1⁵
104 1549 189 1608 tiuuo
217 1549 282 1626 ipse
311 1549 444 1628 sanguis,
472 1548 513 1607 ita
540 1555 575 1608 ut
597 1554 699 1626 postea
726 1549 757 1606 in
780 1547 932 1627 pulverem
957 1549 1118 1628 redigatur,

103 1634 150 1696 vel
177 1643 260 1696 certe
288 1637 438 1697 continuis
467 1635 579 1714 aliquot
607 1634 712 1695 diebus
740 1634 777 1694 ad
807 1635 899 1695 solem
928 1638 1027 1726 ipsum
1053 1655 1118 1696 san·

13 1715 17 1806 Ι,
104 1725 225 1802 guinem
248 1741 350 1806 pones,
374 1727 415 1784 ita
438 1731 473 1784 ut
491 1741 559 1783 rore
578 1725 636 1784 iam
655 1723 782 1784 decusso
801 1731 869 1801 post
888 1723 991 1784 boram
1012 1743 1117 1785 secun-

13 1807 15 1890 Ι
104 1813 171 1872 dam
194 1831 287 1892 ponas
311 1821 341 1874 et
364 1820 433 1873 ante
456 1829 564 1872 nonam
587 1811 715 1890 colligas.
753 1810 949 1890 Posteaquam
967 1815 1009 1873 ita
1028 1813 1119 1874 fuerit

13 1903 14 1964 l
105 1903 233 1962 siccatus
256 1904 386 1981 sanguis,
409 1909 444 1962 ut
466 1899 581 1961 nullum
605 1917 741 1960 umorem
759 1899 876 1980 babeat,
900 1900 1021 1979 colliges
1041 1903 1117 1962 eius-

61 2007 89 2046 ao
104 1989 172 2050 dem
195 1990 343 2051 crustulas
372 1999 401 2050 et
424 1997 504 2050 teres
528 1996 616 2068 atque
641 2007 677 2048 ex
700 2007 735 2048 eo
758 1988 942 2049 levissimum
964 1989 1118 2068 pulverem

103 2078 234 2161 rediges3
263 2079 369 2140 deinde
400 2080 528 2158 accipies
556 2077 680 2138 herbam
707 2075 862 2158 tribulum,
893 2079 979 2138 cuius
1007 2077 1117 2140 herbae

102 2170 202 2247 ipsum
225 2167 379 2248 tribulum,
402 2166 459 2228 boo
483 2175 529 2227 est
550 2185 652 2227 semen
671 2167 834 2248 spinosum,
857 2168 999 2248 proicies3
1023 2169 1118 2246 ipsam

13 2303 14 2306 ,
104 2267 202 2318 autem
225 2256 349 2317 herbam
372 2255 478 2317 lectam
502 2256 538 2316 de
562 2255 635 2316 locis
658 2256 815 2315 maritimis
843 2254 982 2336 siccabis,
1009 2256 1118 2317 tundes

13 2377 14 2406 t
104 2353 134 2406 et
152 2347 183 2406 in
202 2345 355 2425 pulverem
369 2345 495 2424 rediges.
525 2344 677 2405 Confectio
692 2351 792 2404 autem
807 2344 1011 2405 medicaminis
1026 2345 1118 2406 totius

13 2411 14 2492 Ι
61 2446 89 2488 25
104 2433 177 2496 baec
205 2441 264 2496 est:
297 2433 414 2495 Herbae
437 2431 538 2494 triboli
562 2465 604 2476 -
623 2432 662 2514 ΙΙ,
690 2434 803 2511 piperis
827 2465 869 2475 -
888 2431 928 2514 ΙΙ,
951 2433 1119 2512 petrosilini

13 2497 14 2588 Ι
103 2522 287 2584 Macedonici
304 2521 398 2603 -ΙΙ,
421 2521 484 2582 folii
507 2521 657 2601 sertulam,
680 2521 711 2580 id
735 2530 781 2582 est
804 2539 943 2582 coronam
962 2525 1023 2582 sive
1044 2524 1118 2583 slac-

103 2629 167 2672 ram
190 2629 289 2672 unam.
321 2611 401 2672 Haec
425 2611 523 2670 omnia
547 2611 706 2689 separatim
725 2617 812 2671 tunsa
832 2618 861 2671 et
880 2611 916 2671 ad
935 2611 1118 2672 levissimum

103 2699 257 2779 pulverem
280 2700 398 2760 redacta
422 2717 491 2760 cum
515 2701 657 2777 sanguine
680 2697 796 2759 hircino
820 2699 960 2760 miscebis
984 2707 1013 2760 et
1034 2698 1118 2760 dabis

13 2809 14 2824 Ι
102 2789 222 2849 infirmo
251 2788 298 2848 die
328 2787 405 2848 Solis
433 2795 485 2848 aut
511 2786 588 2848 lovis
616 2786 752 2848 cocliaris
780 2806 951 2850 mensuram
983 2790 1013 2849 in
1042 2791 1118 2849 meri

62 2890 89 2930 ³⁰
103 2879 225 2956 potione
249 2885 300 2937 aut
318 2878 535 2955 cuiuscumque
554 2875 649 2937 dulcis
668 2876 802 2956 liquoris.
839 2876 998 2938 Providere
1018 2885 1118 2938 autem

103 2965 203 3046 debes,
227 2974 260 3027 ut
284 2966 398 3044 digesto
422 2967 583 3044 ieiunoque
606 2967 688 3044 potio
712 2965 813 3046 detur3
838 2985 926 3045 quam
947 2984 1016 3027 cum
1035 2984 1117 3027 accc-

13 3085 14 3140 p
103 3057 183 3134 perit
206 3057 258 3135 qui
279 3054 426 3116 calculum
444 3055 566 3136 patitur,
589 3071 657 3114 mox
676 3053 789 3133 lapides
809 3053 921 3115 solutos
941 3073 1044 3115 omnes
1062 3072 1118 3133 per

13 3143 14 3150 ’
104 3145 222 3204 urinam
251 3146 374 3206 emittet.
416 3142 455 3204 Ut
478 3161 547 3203 vero
572 3142 727 3202 admireris
752 3144 905 3221 sanguinis
928 3143 1036 3203 hircini
1060 3145 1116 3201 vir·

195 3297 360 3366 lsanguis.
479 3294 616 3350 athimi.
734 3295 812 3362 -Ι,
839 3293 997 3362 petrosilini
1024 3293 1115 3348 Mace-

104 3367 197 3422 donici
216 3368 289 3435 -Ι,
314 3366 428 3422 seminis
447 3382 497 3421 om.
518 3366 680 3422 Cornelias.
745 3365 930 3434 ipolionem.
992 3371 1008 3420 8
1029 3363 1115 3422 debis.

104 3444 136 3492 11
157 3439 276 3494 balineo.
338 3443 370 3492 13
391 3438 528 3492 candente
547 3439 576 3491 et
594 3437 633 3492 ut.
691 3441 723 3489 te
742 3437 896 3490 humorem.
951 3441 985 3490 26
1005 3435 1115 3490 sfercm.

104 3515 136 3564 31
158 3509 242 3566 debis.
318 3515 350 3564 32
371 3509 487 3564 calculo.
