2528 3814
506 132 743 198 -344-

117 295 264 375 selibram,
283 302 371 356 tunsa
391 294 464 354 baec
478 302 567 372 atque
582 293 711 354 cribrata
726 294 891 354 miscentur
909 301 1025 354 etcum
1042 311 1142 374 aquae

116 382 253 463 pluvialis
267 380 298 444 s
313 382 368 443 llll
386 382 423 443 sd
444 382 555 444 medias
574 382 793 461 decoquuntur,
813 400 849 441 ex
864 399 899 442 eo
913 382 1025 442 cotidie
1041 390 1141 444 testes

63 485 98 534 29
118 480 268 534 tumentes
296 471 373 532 inliti
403 472 545 532 citissime
574 473 789 548 reprimuntur.
831 468 970 531 Contusis
1000 479 1030 530 et
1057 490 1141 532 com-

116 562 229 640 pressis
252 558 379 622 testibus
402 561 460 620 cito
484 559 657 639 subvenies,
681 561 706 618 si
729 561 845 619 cicutae
869 558 938 618 folia
963 561 1036 618 trita
1066 579 1140 621 oum

116 648 244 730 pauculo
263 651 341 710 sceti
358 647 491 726 inducas,
513 649 553 708 ita
573 655 606 707 ut
625 646 808 708 medicamen
827 646 1012 724 glutinosum
1031 648 1167 730 facias,s

118 747 147 799 et
171 737 379 818 pertriduum
403 754 495 816 ponas
519 744 548 797 et
571 754 657 796 mane
681 754 714 796 ac
737 753 861 814 vespera
883 753 1018 796 renoves

63 839 98 888 30
206 826 299 888 Baeae
323 827 459 905 cupressi
477 832 619 886 contusae
638 842 705 884 cum
725 826 850 902 axungia
870 833 970 884 vetere
990 823 1139 885 subactae

118 923 148 975 et
171 923 321 994 tamquam
344 913 487 993 malagma
505 915 661 992 impositae
680 913 837 973 herniosos
855 915 945 973 etiam
963 912 1085 974 adultos
1104 923 1139 976 et

118 1006 256 1084 antiquos
279 1010 418 1082 potenter
441 1005 551 1064 iuvant.

63 1105 98 1153 31
207 1092 250 1152 Ad
265 1094 377 1152 veretri
391 1091 523 1152 dolorem
540 1099 747 1168 tumoremque
762 1088 928 1150 remedium
942 1091 999 1150 sio:
1019 1089 1137 1172 betam,
1153 1107 1180 1146 ro

119 1180 156 1240 de
188 1197 244 1257 qua
275 1197 390 1260 semen,
418 1180 551 1257 decoque
575 1197 612 1238 ex
635 1196 711 1256 aqua
733 1185 822 1256 atque
846 1196 880 1238 ea
904 1178 1027 1238 adsidue
1050 1197 1137 1239 vere-

119 1277 199 1328 trum
222 1285 276 1344 per
297 1267 427 1326 triduum
447 1268 511 1326 love
531 1273 561 1326 et
579 1274 679 1326 tumor
698 1265 851 1328 sedabitur
870 1274 901 1326 et
920 1269 1025 1328 vitium
1044 1285 1136 1328 omne

63 1369 99 1418 32
118 1354 241 1415 reducta
264 1353 401 1432 pellicula
421 1353 581 1414 sanabitur.
620 1353 698 1414 Suco
718 1353 827 1415 herbae
847 1358 1011 1416 vettonicae
1031 1356 1135 1436 tepido

118 1445 187 1503 vino
214 1444 306 1502 mixto
334 1450 485 1503 veretrum
513 1441 636 1502 adsidue
666 1442 731 1502 iove
760 1442 806 1504 vel
834 1445 930 1521 ipsam
958 1446 1059 1504 tritam
1083 1444 1135 1506 ad·

63 1547 204 1613 sapone.
242 1531 414 1593 Portuiacae
437 1549 528 1592 sucus
551 1530 623 1592 tubo
647 1530 793 1592 laboranti
816 1550 869 1610 per
892 1531 1067 1612 clysterium
1086 1535 1132 1594 in·
1148 1550 1175 1590 15

119 1623 229 1682 missus
248 1622 323 1680 mire
343 1620 478 1700 prodest3
497 1622 560 1700 ipsa
580 1621 669 1680 etiam
689 1621 759 1680 trita
774 1622 1004 1700 superimposita
1020 1621 1135 1683 iuvabit

119 1718 149 1771 et
173 1711 241 1788 quia
266 1711 324 1770 cito
348 1711 467 1789 arescit,
489 1707 659 1787 plusculum
681 1711 746 1769 suci
764 1711 830 1770 eius
849 1728 1024 1789 expressum
1045 1710 1135 1772 debet

119 1797 155 1860 ad
178 1797 430 1859 necessitudinem
453 1797 624 1858 huiusmodi
647 1799 802 1858 reservari.

65 1899 101 1948 at
207 1885 307 1946 Pulvis
327 1888 520 1947 tenuissimus
535 1885 571 1946 de
585 1888 675 1964 myrti
689 1885 768 1946 loliis
783 1886 922 1948 arefactis
937 1886 1032 1948 ulceri
1047 1905 1134 1948 vere-

65 1989 100 2037 35
119 1977 159 2036 tri
186 1977 342 2053 inspersus
369 1974 524 2035 celerrime
548 1973 678 2053 prodest.
718 1973 848 2034 Nucleos
870 1977 975 2054 pineos
999 1978 1133 2037 minutos
1148 1995 1175 2032 so

119 2071 262 2143 purgatos
286 2081 409 2124 numero
429 2061 510 2122 XXX
534 2063 650 2123 adiecto
672 2063 801 2140 pauxillo
825 2066 907 2124 croci
930 2064 1020 2124 simul
1044 2067 1133 2126 tritos

120 2155 146 2212 si
174 2155 241 2232 quis
270 2171 306 2212 ex
333 2153 414 2230 passi
442 2151 546 2230 cyatho
575 2151 684 2211 cotidie
708 2169 761 2228 per
785 2151 849 2212 dies
872 2151 951 2212 Vllll
974 2151 1135 2214 continuos

65 2240 211 2321 subibat,
233 2243 308 2300 mire
332 2242 416 2320 penis
435 2241 506 2300 vitio
525 2238 723 2318 celeriterque
743 2239 903 2301 sanabitur.
932 2239 1044 2301 Ervum
1062 2261 1135 2320 pur-

119 2337 220 2408 gatum
248 2329 384 2389 molitum
413 2337 442 2389 et
469 2330 500 2388 in
528 2328 651 2388 laninam
675 2330 880 2389 tenuissimam
904 2329 1058 2390 redactum
1083 2330 1134 2390 ad-

119 2419 197 2477 iecto
220 2418 297 2476 turis
320 2417 429 2495 polline
453 2435 522 2478 cum
545 2419 613 2476 vino
636 2424 736 2478 vetere
760 2425 877 2478 coctum
896 2418 1029 2496 tepidum
1048 2436 1132 2479 vere·
1148 2436 1177 2476 25

119 2513 167 2566 tro
190 2506 353 2583 inpositum
377 2516 407 2566 et
430 2505 604 2584 adopertum
628 2507 770 2566 citissime
793 2507 923 2585 prodest.

65 2609 101 2658 37
209 2591 310 2653 Verris
343 2593 500 2654 cerebrum
533 2600 651 2654 coctum
684 2602 714 2655 et
746 2613 814 2654 curn
846 2594 932 2655 melle
965 2593 1135 2672 adpositum

66 2699 102 2748 38
121 2680 319 2742 carbunculos
347 2685 378 2741 in
404 2690 522 2742 veretro
546 2682 707 2742 efficaciter
730 2691 822 2744 sanat.
868 2683 947 2744 Dens
971 2681 1134 2744 caballinus

121 2777 264 2830 contusus
287 2778 317 2830 et
339 2771 371 2828 in
394 2769 546 2847 pulverem
565 2771 774 2831 tenuissimum
793 2771 933 2832 redactus
952 2781 1069 2832 veretro
1089 2773 1133 2832 in·

65 2875 101 2926 39
121 2876 244 2937 sparsus
263 2857 425 2917 efficaciter
444 2857 573 2936 prode'st.
607 2857 733 2919 Arietini
751 2859 909 2940 pulmonis,
929 2859 1000 2920 dum
1019 2861 1050 2919 in
1069 2878 1131 2920 cra·
1147 2878 1174 2917 eo

120 2946 212 3007 ticula
235 2953 360 3025 assatur,
384 2963 474 3006 sucus
498 2953 640 3025 exceptus
662 2950 846 3027 myrmecias,
871 2951 995 3027 quaein
1015 2956 1132 3008 veretro

120 3037 203 3096 nesci
227 3033 332 3114 solent,
355 3037 495 3095 unctione
520 3051 573 3094 sue
596 3042 705 3113 purgat
728 3045 758 3096 et
781 3037 912 3098 discutit.

66 3144 102 3192 40
210 3123 315 3185 Canini
343 3124 448 3202 eapitis
474 3124 604 3184 recentis
627 3126 725 3184 exusti
748 3127 825 3186 cinis
848 3127 959 3186 veretri
982 3125 1026 3186 vel
1050 3127 1132 3185 testi·

120 3213 257 3274 culorum
285 3211 392 3273 tabidis
426 3220 456 3273 et
486 3212 594 3274 umidis
622 3210 775 3274 ulceribus
802 3216 957 3292 inspersus
985 3221 1036 3274 aut
1064 3231 1133 3276 cum

210 3421 243 3469 27
267 3417 363 3470 Verris
387 3417 542 3488 cerebrum]
565 3418 599 3484 cf.
615 3417 691 3472 Plio.
706 3433 733 3472 n.
748 3419 773 3472 b.
789 3422 831 3484 28,
847 3423 908 3471 213.
1004 3421 1039 3471 28
1057 3415 1132 3474 Dens

120 3482 288 3556 caballinus]
308 3489 342 3553 cf.
358 3487 433 3541 Plio.
448 3503 475 3542 n.
490 3489 515 3543 b.
531 3493 574 3556 30,
591 3493 632 3542 ⁷2.

1237 341 1243 411 t

1239 419 1247 513 l

1244 529 1251 631 l

1248 635 1256 715 l
