2636 3790
553 147 771 213 ,68-

98 321 133 372 44
152 309 348 370 acritudinem
369 308 555 388 lippitudinis
575 308 668 370 lenies
687 327 880 389 umoremque
903 310 1036 372 siccabis.
1070 310 1166 372 Cheli·

151 398 238 458 donia
261 397 352 458 herba
377 399 409 457 iu
427 396 621 460 hirundinum
646 405 779 459 stercore
803 401 949 480 nascitur,
972 418 1047 478 quae
1071 399 1167 460 oculis

150 485 313 566 plurimum
342 487 534 567 suffragatur,
565 489 690 548 maxime
719 495 817 548 autem
844 488 999 566 caliginem
1023 488 1166 568 deterget,

151 577 176 635 si
199 575 340 655 paulatim
359 575 427 636 inde
448 575 527 637 ccidi
546 575 763 656 suffundantur,
788 594 863 654 quos
882 579 941 637 cito
961 579 991 637 in
1010 579 1167 656 pristinam

97 675 131 725 45
151 663 275 725 formam
303 672 441 725 revocato
470 666 570 744 vigore
598 663 756 744 reparabit.
802 663 978 726 Hiruudiuis
1001 666 1193 727 ventriculos

151 755 245 813 scisso
275 752 334 814 albi
362 772 396 814 ac
424 754 503 832 nigri
530 751 666 832 lapisculi
693 755 898 836 inveniuntur,
931 755 983 832 qui
1012 756 1038 816 si
1064 754 1167 834 lupino

152 859 241 904 aureo
265 841 457 904 includantur
481 849 511 903 ct
534 841 609 902 collo
634 841 867 922 suspendantur,
891 861 1008 902 omnem
1033 842 1167 904 dolorem

151 930 307 992 oculorum
330 939 476 1010 perpetuo
500 938 647 1012 avertent;
672 930 724 992 sed
748 941 777 992 ct
801 940 904 992 contra
923 939 1082 1010 quartanas
1100 950 1167 1011 pro-

151 1027 222 1080 sunt
250 1037 355 1080 croceo
385 1019 476 1080 linteo
507 1018 553 1080 vel
581 1037 677 1098 panno
706 1019 832 1080 involuti
854 1020 974 1100 linoque
998 1020 1033 1080 ad
1058 1019 1168 1080 collum

98 1119 132 1167 46
151 1106 291 1168 validiore
316 1109 463 1186 suspensi.
500 1107 565 1186 Mel,
589 1110 619 1168 in
644 1127 702 1187 quo
727 1127 797 1186 apes
816 1109 929 1170 suerint
946 1118 1089 1188 mortuae,
1111 1111 1167 1168 uti·
1182 1124 1208 1164 ιο

151 1194 298 1256 lissimum
326 1203 372 1256 est
400 1195 508 1278 oculis,
536 1198 562 1256 si
589 1196 715 1257 nitidum
744 1215 778 1258 ac
805 1216 916 1276 purum
943 1205 1108 1277 opportune
1138 1205 1168 1258 et

99 1295 132 1344 4⁷
151 1282 293 1362 paulatim
317 1283 499 1346 infundatur.
537 1282 595 1354 Qui
618 1286 757 1346 cleoneae
778 1285 893 1364 pullum
913 1287 1052 1347 elixatum
1071 1303 1168 1346 come·

99 1383 134 1433 48
152 1371 239 1452 derit,
261 1382 387 1451 negatur
405 1371 506 1434 multis
525 1375 610 1434 aunis
630 1375 780 1434 coutinuis
798 1392 887 1454 posse
906 1375 1022 1454 lippire.
1059 1373 1168 1435 llirun-

152 1459 255 1522 diuum
274 1460 349 1540 pulli
367 1461 453 1540 plena
472 1461 541 1522 ltrna
561 1469 757 1522 excaecantur
773 1465 971 1542 restitutaque
986 1481 1090 1524 eorum
1105 1465 1168 1524 acie

152 1551 247 1628 capita
273 1549 492 1612 conburuntur:
517 1550 625 1610 horum
643 1553 744 1611 cinere
768 1570 836 1612 oum
860 1551 946 1612 melle
970 1555 1061 1613 mixto
1086 1562 1167 1613 recte
1183 1565 1209 1607 1⁶

99 1651 132 1700 49
152 1656 226 1700 usus
251 1639 343 1699 fueris
366 1639 403 1700 ad
423 1638 617 1718 reparandam
637 1639 791 1700 oculorum
811 1639 1027 1701 claritudinem.
1064 1639 1169 1702 Lacer-

152 1735 212 1788 tam
235 1727 360 1788 viridem
386 1735 571 1788 excaecatam
595 1746 649 1788 acu
674 1745 784 1807 cuprea
803 1731 834 1788 in
853 1747 903 1789 vas
923 1731 1049 1790 vitreum
1068 1732 1170 1791 mittes

152 1834 220 1877 cum
239 1815 336 1876 anulis
355 1818 463 1898 aureis,
482 1818 640 1898 argenteis,
660 1816 766 1878 ferreis
785 1825 815 1878 et
830 1816 990 1900 electriniS,
1010 1818 1169 1900 siluerint,

152 1913 204 1966 aut
231 1906 319 1965 etiam
349 1907 481 1986 cupreis,
509 1905 616 1968 deinde
647 1923 696 1966 vas
724 1905 863 1986 gypsabis
887 1915 938 1968 aut
961 1906 1081 1968 claudes
1105 1907 1168 1968 dili·

152 2001 257 2073 genter
280 2000 369 2073 atque
393 1993 524 2072 signabis
548 2003 578 2056 et
600 2003 669 2073 post
690 1997 826 2073 quintum
846 1995 892 2055 vel
912 1997 1070 2074 septimum
1090 1995 1168 2056 diem
1183 2008 1210 2047 2⁰

153 2085 282 2163 aperies,
310 2082 450 2144 lacertam
478 2085 558 2144 sanis
585 2082 748 2144 luminibus
776 2085 922 2164 invenies,
953 2101 1041 2162 quam
1073 2085 1168 2144 vivam

153 2172 294 2252 dimittes,
313 2171 410 2232 anulis
429 2179 533 2234 contra
547 2171 754 2251 lippitudinem
768 2174 808 2232 ita
824 2173 927 2253 arteris,
945 2179 979 2232 ut
998 2189 1057 2230 non
1072 2170 1168 2232 solum

153 2259 246 2337 digito
270 2267 433 2340 gestentur,
457 2260 509 2321 sed
532 2263 620 2320 etiam
641 2259 734 2320 oculis
754 2259 890 2320 crebrius
909 2259 1104 2340 adplicentur,
1127 2263 1168 2321 ita

154 2355 187 2408 ut
214 2366 268 2427 per
296 2347 430 2408 foramen
457 2348 538 2410 anuli
564 2350 646 2410 visus
670 2351 897 2409 transmittatur.
944 2347 1168 2410 Observandum

154 2454 225 2498 sane
248 2437 398 2518 inprimis,
421 2444 455 2497 ut
482 2438 514 2498 in
536 2436 602 2498 loco
625 2437 720 2498 nitido
744 2445 832 2516 atque
853 2435 979 2497 herbido
1003 2437 1169 2516 deponatur
1183 2449 1210 2490 2⁵

154 2523 295 2604 ampulla,
324 2532 354 2586 ct
381 2543 449 2586 cum
475 2525 584 2587 lacerta
608 2525 759 2607 discessit,
787 2533 851 2586 tum
875 2525 956 2586 anuli
979 2525 1169 2608 colligantur,

133 2612 371 2676 observandum
400 2615 502 2694 etiam,
530 2623 564 2676 ut
591 2613 660 2676 luna
685 2622 796 2694 vetere,
825 2615 854 2674 id
886 2623 932 2674 est
960 2633 975 2673 a
999 2613 1068 2676 luna
1092 2633 1169 2676 nona

155 2701 269 2762 decima
292 2705 323 2762 in
339 2705 531 2764 vicensimam
550 2705 692 2784 quintam,
716 2703 762 2764 die
782 2703 859 2764 lovis
880 2702 1049 2783 Septembri
1067 2723 1169 2766 mense

155 2792 289 2870 capiatur
316 2790 426 2852 lacerta
454 2801 542 2871 atque
570 2793 611 2852 ita
634 2792 798 2854 remedium
822 2792 885 2873 fiat,
915 2791 966 2854 sed
991 2791 1027 2853 ab
1050 2793 1169 2854 bomine
1276 2807 1277 2810 ’

102 2881 281 2942 tumaxime
309 2898 386 2959 puro
414 2887 502 2960 atque
531 2888 621 2941 casto.
667 2881 785 2942 Lacerti
812 2881 917 2944 viridis
938 2899 1027 2960 quem
1053 2885 1170 2962 ceperis
1183 2896 1209 2936 ³0
1276 2865 1277 2887 ¹

155 2968 203 3030 die
231 2967 308 3030 lovis
340 2969 410 3031 luna
442 2977 542 3031 vetere
575 2985 677 3030 meuse
707 2969 875 3049 Septembri
902 2980 953 3031 aut
980 2971 1069 3031 etiam
1097 2990 1168 3051 quo-

155 3075 284 3137 cumque
307 3057 364 3120 alio
387 3057 490 3120 oculos
513 3076 602 3120 erues
625 3077 680 3120 acu
704 3077 814 3136 cuprea
837 3067 867 3120 et
890 3061 968 3120 intra
991 3057 1100 3120 bullam
1125 3059 1170 3120 vel
1273 3121 1274 3129 ,

154 3145 290 3226 lupinum
315 3165 438 3209 aureum
461 3147 582 3208 claudes
605 3147 740 3226 colloque
765 3147 942 3226 suspendes:
973 3149 1052 3226 quod
1076 3167 1169 3210 reme·
1273 3134 1275 3210 l

156 3235 237 3298 dium
257 3237 398 3318 quamdiu
417 3244 517 3298 tecum
537 3235 687 3317 habueris,
706 3235 808 3298 oculos
827 3255 887 3298 nou
905 3234 1028 3297 dolebis.
1064 3236 1170 3300 Lacer-

228 3373 402 3430 1oelidonie
465 3373 687 3428 aberundinum
705 3373 757 3438 (ee‘c
774 3375 905 3442 coeptes).
973 3379 1004 3427 11
1025 3374 1171 3443 oportune.
1274 3373 1275 3384 ¹

158 3448 191 3497 15
210 3443 339 3499 cinerem.
392 3449 424 3498 16
439 3448 504 3514 poet
518 3443 716 3499 claritudinem
730 3444 794 3500 edd.
810 3444 971 3501 sedandam.
1024 3450 1057 3500 18
1071 3445 1170 3501 acolis.

158 3519 190 3578 ιθ
210 3515 349 3585 cypsabis.
422 3521 456 3570 25
476 3513 647 3587 deponetur]
666 3514 843 3571 defendatur.

1271 3697 1273 3720 l

1270 3721 1273 3757 l
