2564 3794
478 153 715 218 -145-

88 313 201 379 calcem
229 335 298 378 oum
326 319 451 396 axungia
478 325 577 378 vetere
602 317 755 378 subactam
778 318 921 396 inponite,
944 315 1101 377 confestim

89 405 217 468 sanabis.
255 406 383 485 Spumae
406 408 522 484 argenti
541 405 571 466 P.
590 405 613 488 l,
636 405 695 466 olei
716 407 826 465 veteris
845 404 876 465 P.
895 404 930 486 ll,
953 405 1023 465 salis
1042 421 1101 465 am·
1119 421 1156 470 42

89 497 219 555 moniaci
241 494 272 555 P.
291 494 331 576 ll,
353 494 471 573 galbani
494 494 524 555 P.
544 494 584 576 ll;
612 493 700 555 simul
724 493 798 554 haec
821 495 918 553 omnia
941 495 1101 571 permisce·

89 583 150 664 his,
177 585 218 644 ita
245 591 280 644 ut
307 601 441 662 spumam
469 586 585 661 argenti
613 585 644 643 in
672 581 737 643 oleo
765 582 913 662 decoquas
941 599 1036 661 usqne
1065 582 1101 642 ad
1182 629 1184 636 .

61 671 319 735 scrassitndinem
343 671 446 751 mellis,
470 681 534 733 tum
557 672 668 732 adicies
691 670 782 732 salem
806 679 836 731 et
861 688 963 751 pones,
987 679 1021 731 ut
1044 670 1101 730 fer·

89 767 169 841 reat,
201 762 273 820 item
295 759 452 838 galbanum
475 761 566 821 addes
588 769 619 820 et
641 777 764 820 rursum
786 777 893 839 pones,
920 768 954 820 ut
976 759 1102 838 iorveat3

91 857 194 927 postea
214 847 301 908 simul
320 851 418 908 omnia
436 848 547 909 colabis
566 856 597 909 et
615 849 760 910 recondes
780 855 892 908 etcum
907 865 982 925 opus
1001 847 1100 926 luerit,

91 955 175 997 more
199 937 350 1015 emplastri
373 939 450 997 miro
473 937 605 998 remedio
629 937 767 997 sedandis
790 936 975 1015 parotidihus
998 938 1101 996 uteris.

90 1024 201 1086 Vitium
229 1032 400 1086 exustarum
427 1027 503 1086 cinis
526 1044 594 1086 oum
618 1044 685 1086 cera
709 1033 739 1086 et
762 1027 861 1086 resina
884 1024 1006 1104 paribus
1029 1041 1102 1102 pou·
1120 1035 1155 1086 43
1236 1047 1245 1066 ·

48 1137 76 1178 ro
91 1113 213 1174 duribus
227 1114 381 1192 adpositus
394 1114 538 1192 parotidis
552 1113 683 1194 prodest,
703 1113 756 1174 sed
771 1131 829 1174 uua
844 1114 994 1174 decoctus.
1021 1111 1101 1172 Ster·
1120 1125 1156 1174 44

91 1221 145 1263 cus
164 1201 368 1264 columbinum
386 1205 490 1263 trltum
510 1221 577 1263 cum
596 1203 690 1262 iarius
708 1202 858 1262 hordiacia
873 1219 908 1262 ex
927 1200 1013 1261 melle
1033 1199 1101 1260 sub·

91 1298 190 1352 actum
214 1299 244 1350 et
267 1291 360 1351 calide
384 1290 551 1370 adpositum
573 1299 730 1352 nascentes
750 1289 901 1370 parotidas
924 1290 1101 1368 comprimit.

91 1379 189 1458 ddeps
208 1380 310 1440 ursina
333 1381 399 1458 pari
421 1379 553 1457 pondere
576 1398 644 1440 cum
668 1397 737 1440 sevo
757 1381 875 1440 taurino
899 1387 929 1438 et
947 1396 1015 1438 cera
1034 1395 1101 1456 per·
1120 1393 1156 1442 45

92 1469 183 1528 mixta
215 1476 305 1547 atque
337 1468 470 1548 adposita
502 1468 687 1547 parotidihus
716 1470 824 1528 mirum
852 1467 1016 1528 remedium
1047 1475 1101 1526 est.

51 1577 77 1618 15
92 1555 206 1636 Pingue
229 1555 324 1637 laridi,
348 1557 426 1635 quod
445 1559 641 1618 intercutem
664 1564 694 1616 et
712 1573 832 1617 carnem
850 1573 979 1616 macram
999 1563 1052 1634 est,
1077 1556 1103 1614 si
1121 1571 1156 1621 46

91 1644 277 1723 parotidihus
296 1645 461 1724 adponatur
480 1654 510 1705 et
527 1644 588 1705 illic
606 1645 724 1725 ligetur,
743 1647 802 1704 cito
817 1644 1008 1705 sanabuntur.
1036 1642 1102 1703 llius
1121 1659 1156 1709 47

92 1751 219 1794 araneus
243 1735 269 1793 si
291 1735 323 1793 in
342 1733 468 1794 orbitam
487 1733 635 1814 inciderit,
658 1733 864 1794 naturalitate
884 1733 944 1792 illio
963 1732 1103 1792 detentus

92 1824 246 1882 emoritur.
283 1820 369 1882 lluno
393 1821 454 1884 illie
473 1824 626 1883 inventum
645 1821 745 1900 argilla
765 1831 815 1882 aut
834 1821 925 1882 linteo
943 1828 995 1882 ant
1013 1820 1103 1899 phoe-

93 1912 171 1971 nicio
195 1909 315 1992 involve
343 1919 374 1971 et
401 1929 437 1970 ex
465 1928 500 1970 eo
528 1918 575 1971 tor
602 1910 816 1971 circumscribe
840 1910 1003 1990 parotidas,
1027 1927 1103 1988 quae

51 2019 78 2058 ao
92 2001 124 2058 in
148 2017 274 2077 corpore
297 1998 396 2058 subito
419 1998 596 2079 turgebant,
619 2001 693 2058 mira
716 1998 868 2059 celeritate
892 1997 1018 2058 sanabis.

182 2086 290 2147 llalvae
314 2087 413 2147 radice
436 2087 496 2148 lino
520 2087 566 2147 vel
589 2087 656 2148 licio
681 2089 805 2148 traiecta
830 2094 881 2147 aut
905 2085 1102 2164 arnoglossae,
1121 2101 1156 2150 48

91 2175 122 2236 id
145 2184 192 2236 est
214 2175 405 2258 plantaginis,
433 2175 532 2236 radice
560 2175 698 2237 similiter
721 2175 796 2237 collo
820 2174 1002 2236 circumdata
1026 2181 1103 2233 stru-

92 2282 155 2324 mas
172 2265 271 2324 sanari
289 2264 478 2324 manifestum
497 2273 551 2325 cst.
580 2263 736 2325 Mentastri
754 2282 845 2325 sucus
864 2281 932 2324 cum
951 2265 1018 2322 vino
1038 2279 1103 2340 gar·
1121 2275 1156 2327 49

92 2354 239 2431 garizatus
262 2352 435 2431 frequenter
454 2361 583 2414 strumas
602 2361 795 2432 tumoresque
815 2352 963 2412 discutiet.
995 2349 1103 2411 Farina
1122 2365 1156 2416 50

51 2460 78 2502 aa
94 2441 254 2522 hordiacia,
276 2443 327 2519 pix
350 2440 461 2520 liquida
480 2459 549 2502 cum
568 2459 634 2502 cera
654 2450 685 2502 et
703 2441 768 2502 oleo
787 2442 877 2501 mixta
895 2449 1103 2519 percoctaqne,

92 2529 207 2590 adiecto
230 2529 340 2607 puerili
357 2529 428 2589 lotio
448 2529 579 2610 subacta,
604 2547 687 2590 more
706 2529 858 2608 emplastri
876 2530 1004 2607 inposita
1023 2536 1102 2588 stru·

94 2637 157 2678 mas
180 2618 294 2678 utiliter
318 2617 441 2678 sanabit.
482 2617 646 2679 Galbanum
674 2620 835 2697 inpositum
859 2635 951 2696 super
973 2627 1103 2678 strumas
1122 2631 1156 2680 51

23 2735 24 2830 p
93 2707 178 2767 facile
206 2723 256 2766 eas
282 2705 412 2766 discutit.
453 2706 535 2767 ldem
558 2715 690 2785 praestat
712 2714 742 2766 et
766 2705 808 2766 sal
831 2707 1031 2766 ammoniacus
1054 2705 1103 2765 ad-

92 2797 208 2873 positus
236 2793 282 2854 vel
309 2794 446 2854 densiore
474 2795 591 2874 liquore
619 2795 731 2855 inditus
759 2803 810 2855 aut
840 2795 952 2855 inlitus.
994 2793 1103 2854 Contra
1122 2806 1156 2856 ⁶2

52 2902 79 2942 so
93 2901 196 2943 omnes
220 2891 350 2943 strumas
373 2891 403 2943 et
426 2883 544 2944 leminis
567 2891 598 2944 et
620 2883 753 2944 maribus
776 2883 967 2944 utilissimum
991 2891 1050 2963 est,
1078 2883 1104 2942 si

93 2989 145 3031 cor
168 2971 295 3032 lacertae
319 2971 421 3031 viridis
444 2971 545 3051 lupino
569 2980 709 3050 argenteo
734 2971 868 3033 clausum
896 2974 927 3032 in
955 2971 1030 3032 collo
1055 2989 1103 3030 su·

93 3078 233 3139 spensnm
258 3077 375 3138 semper
397 3060 533 3123 habeant.
570 3059 622 3120 Fel
645 3059 790 3121 bubulum
813 3060 859 3122 vel
882 3078 1047 3139 caprunum
1066 3058 1103 3118 ad
1122 3073 1158 3121 53

92 3151 269 3228 incipientes
293 3156 422 3208 strumas
444 3152 555 3229 optime
574 3149 672 3209 facere
696 3153 897 3229 experimenta
923 3149 1103 3227 docuerunt3

92 3255 160 3297 nam
187 3239 307 3316 penitus
335 3255 472 3298 crescere
501 3256 561 3298 non
590 3240 739 3318 sinentur,
771 3241 796 3298 si
823 3257 858 3298 eo
887 3236 1010 3297 adsidue
1038 3242 1102 3294 tan·
1159 3267 1162 3276 .

167 3449 198 3498 11
218 3443 349 3499 ordiaoia.
436 3449 469 3498 te
488 3442 642 3512 paratibus.
731 3447 763 3496 18
782 3439 879 3510 argila.
968 3436 1103 3492 foenices.

94 3520 129 3569 24
146 3515 349 3584 inmersaque(
410 3520 444 3569 25
463 3513 595 3568 ordiacia.

146 3615 309 3662 Maeandrus,
324 3625 363 3654 no.
377 3615 534 3656 Ennmton.
912 3601 945 3650 10
