2540 3802
498 111 742 176 -213-

114 271 185 332 iude
204 271 241 331 ad
260 271 339 332 diem
359 270 477 332 sorbeat
495 271 541 332 vel
560 271 714 333 dimidium
734 273 882 355 cyathum,
906 273 1035 336 colorem
1055 275 1130 352 opti-

116 378 198 420 mum
221 359 343 420 habehit
366 369 396 420 et
419 360 535 420 facilius
559 361 722 440 suspirabit
750 370 780 422 ct
807 362 907 424 cibum
933 363 1038 424 melius
1061 380 1131 424 con-

114 449 205 509 ficiet.
246 447 320 508 Nam
344 451 369 509 si
394 451 461 526 quis
483 448 610 510 multum
634 450 797 511 comederit
820 459 850 511 et
873 469 932 512 non
959 453 1131 512 concoxerit

12 563 13 566 ¹
116 544 146 597 et
174 536 260 598 cibus
288 538 316 596 ei
342 538 375 596 in
398 537 549 597 stomacho
573 539 732 619 inaeuerlt,
757 539 876 600 sorbeat
899 540 934 600 de
958 539 1015 600 hoc
1038 539 1129 600 medi-

12 627 13 632 ’
87 651 101 691 a
116 633 262 706 camento,
281 627 423 686 contiuuo
442 625 558 686 desinet
572 627 683 686 crudus
698 645 773 688 esse.
797 625 835 688 Ut
849 630 926 688 scias
940 646 1019 707 vero,
1034 640 1182 706 quan-117

115 722 177 774 tam
205 715 263 774 vim
291 713 411 796 habeat,
440 716 529 774 etiam
557 715 678 775 caducis
706 716 807 776 datum
830 716 961 796 prodest.
1006 714 1080 775 Nam
1104 717 1130 774 si

115 801 164 862 vel
191 801 265 863 duos
294 801 414 882 cyathos
443 802 563 863 cadivus
590 803 659 864 inde
688 804 807 865 sorbeat
835 814 865 866 et
892 812 994 867 currat
1023 821 1129 883 passus

114 889 196 950 mille
223 891 369 951 ducentos
397 893 610 970 quinquaginta
638 895 770 973 ieiunus,
802 896 876 954 mire
907 891 1129 971 remediabitur,

116 981 143 1039 si
170 978 217 1039 vel
243 981 333 1040 tertio
361 986 412 1039 aut
441 987 546 1058 quarto
574 979 621 1040 die
644 981 675 1040 id
698 985 856 1061 acceperit.
902 981 987 1054 Quod
1012 983 1129 1060 siquis

76 1092 103 1132 ιο
117 1069 176 1129 erit
202 1069 234 1127 in
262 1067 434 1146 accipiendo
462 1067 584 1128 cottidie
615 1071 744 1150 patiens,
776 1072 896 1150 penitus
928 1068 1041 1131 carebit
1071 1069 1129 1129 hoc

115 1154 231 1216 morbo.
272 1155 335 1216 lloc
362 1155 547 1217 medicamen
575 1165 605 1217 et
627 1169 731 1218 ventos
755 1161 825 1220 eicit
847 1167 878 1220 et
900 1178 990 1220 venas
1013 1165 1129 1238 purgat.

114 1243 189 1304 Nam
213 1245 240 1304 is
263 1243 386 1304 morbus
409 1262 445 1304 ex
468 1254 625 1306 ventorum
648 1247 837 1309 multitudine
865 1256 1015 1328 movetur,
1042 1247 1130 1326 frige·

117 1335 174 1393 scit
197 1334 277 1392 enim
301 1351 411 1412 corpus
434 1334 470 1394 de
489 1336 674 1412 inparatioue
693 1343 724 1396 et
741 1355 882 1398 nauseam
901 1337 972 1398 lacit
991 1346 1021 1398 et
1039 1337 1129 1396 vomi·

117 1428 167 1481 tus
194 1429 301 1482 movet.
349 1420 381 1481 Si
409 1423 476 1500 quis
504 1441 574 1501 ergo
602 1423 660 1484 hoc
688 1434 798 1506 sumat,
827 1443 945 1486 omnem
973 1443 1071 1486 escam
1100 1432 1130 1484 et

74 1533 102 1573 15
116 1510 267 1588 potionem
295 1509 371 1569 bene
400 1519 567 1589 concoquat
595 1520 626 1571 et
653 1513 733 1572 nulla
760 1532 810 1574 res
838 1517 866 1574 ei
894 1513 1014 1574 nocebit
1041 1531 1075 1572 ac
1103 1514 1130 1571 si

115 1596 197 1658 voles
216 1597 271 1658 boc
290 1597 484 1658 medicamine
503 1599 625 1678 pthisim
641 1601 754 1682 sedare,
773 1601 847 1662 addc
867 1603 928 1661 viui
947 1600 1042 1662 dulcis
1057 1618 1129 1679 pau-

114 1685 208 1746 lulum
233 1693 263 1746 et
286 1688 329 1747 sic
353 1686 421 1747 dato
441 1689 566 1746 mixtum
585 1687 707 1748 sorbere
726 1691 836 1750 ieiuno.
870 1689 901 1749 Si
920 1691 987 1768 quis
1006 1690 1182 1766 sangui-118

114 1793 184 1835 nem
203 1774 363 1856 exercebit,
381 1774 439 1835 boc
458 1775 652 1836 medicamine
672 1784 793 1856 accepto
808 1777 893 1837 lacile
909 1779 997 1838 eiciet
1011 1795 1128 1837 omnem

115 1863 282 1924 molestiam
306 1871 336 1924 et
358 1882 449 1924 venae
474 1866 501 1924 ei
524 1863 733 1942 purgabuntur
756 1865 895 1945 quodqbe
919 1866 955 1926 ad
973 1865 1129 1945 pulmones

74 1974 102 2014 so
117 1959 147 2012 et
170 1953 279 2012 arteria
303 1959 445 2030 corrupta
465 1952 586 2034 adtinet,
609 1971 664 2033 per
682 1955 825 2014 vomitum
845 1954 1005 2034 sanabitur,
1029 1956 1054 2013 si
1072 1953 1129 2013 hoe

115 2039 332 2101 medicamento
361 2047 464 2101 utatur
491 2040 628 2122 adsidue,
658 2050 688 2102 et
712 2045 737 2102 si
761 2061 849 2122 quem
872 2061 947 2122 aqua
971 2043 1129 2102 intercutis

115 2128 243 2209 tenebit,
270 2129 300 2188 id
332 2137 378 2189 est
407 2130 433 2188 si
459 2129 641 2209 hydropicus
669 2133 739 2214 erit,
770 2129 923 2192 sanabitur
953 2130 1128 2209 faciliusque

13 2235 14 2240 ¹
115 2217 279 2298 curabitur,
304 2219 329 2278 si
352 2235 459 2278 reeens
482 2217 604 2278 morbus
628 2220 727 2300 luerit,
750 2238 818 2280 nam
837 2238 891 2298 per
911 2222 1025 2280 urinam
1044 2218 1127 2279 illum

13 2981 14 3046 3
112 3013 207 3095 bitur,
227 3015 334 3075 deinde
353 3014 453 3075 cibum
472 3022 503 3076 et
520 3019 671 3094 potionem
690 3017 885 3079 libentissime
900 3025 997 3078 sumet
1017 3017 1126 3076 omnia·

113 3122 172 3183 que
194 3105 253 3165 cito
278 3109 452 3182 concoquet.

115 2308 175 2366 cito
190 2305 305 2384 digeret
324 2314 354 2366 et
373 2305 451 2384 quod
471 2305 507 2366 ad
522 2307 655 2385 splenem
670 2310 775 2369 attinet
790 2307 1008 2371 extenuabitur.
1034 2307 1127 2387 Opor-

72 2417 100 2458 ss
114 2402 159 2455 tet
177 2412 249 2473 ergo
267 2397 353 2473 prius
367 2394 477 2476 videre,
496 2395 575 2455 uude
591 2399 659 2475 quis
673 2397 796 2458 morbus
809 2399 915 2458 veniat.
949 2397 981 2458 Si
995 2415 1010 2458 a
1026 2397 1127 2476 splene

114 2484 181 2564 erit,
200 2490 305 2543 venter
325 2482 456 2544 solvetur
475 2491 526 2544 aut
544 2503 632 2545 crura
647 2485 818 2564 turgebunt.
842 2485 913 2546 llari
926 2487 1026 2566 itaque
1041 2503 1127 2564 opor·

114 2571 190 2632 tebit
212 2589 298 2632 mane
321 2573 422 2632 ieiuno
446 2572 521 2633 duos
545 2573 667 2652 cyathos
690 2582 772 2635 certe
796 2574 841 2634 vel
864 2593 958 2636 unum
979 2574 1127 2654 cyathum,

114 2662 141 2721 si
164 2662 236 2720 satis
259 2661 396 2720 infirmus
420 2663 485 2742 erit,
509 2661 585 2722 dato.
628 2663 713 2734 Quod
738 2666 762 2724 si
786 2662 822 2723 ab
845 2665 945 2724 iecore
969 2665 1026 2724 erit
1048 2681 1126 2723 mor·

113 2748 180 2829 bus,
204 2748 300 2810 mellis
323 2748 461 2828 cyathum
485 2757 536 2810 aut
556 2754 636 2829 passi
655 2753 831 2812 commisces
850 2771 919 2812 cum
938 2751 1042 2831 cyatho
1062 2753 1127 2811 eius

71 2860 100 2900 eo
114 2838 191 2898 aceti
214 2837 303 2917 idque
326 2855 381 2917 per
408 2837 472 2898 dies
499 2839 611 2917 aliquot
639 2839 730 2901 dabis.
771 2840 904 2900 Primum
928 2858 1054 2918 namque
1079 2857 1127 2898 su·

114 2925 238 2986 doribus
261 2925 538 3007 vehementissimis,
561 2936 664 3006 postea
688 2931 776 2989 etiam
795 2931 881 2989 urina
905 2927 996 2989 multa
1020 2945 1127 3008 purga-

202 3255 482 3312 medicamentum.
556 3260 745 3327 eaeeeparst.
815 3255 959 3311 traiciat.
1024 3259 1056 3307 12
1076 3254 1125 3308 iri-

113 3325 205 3396 giecit.
271 3333 303 3381 13
322 3328 452 3383 vomitos.
519 3333 551 3382 te
568 3328 723 3396 paulolum.
791 3334 825 3381 20
844 3326 962 3382 arterias
981 3326 1125 3393 corruptas

114 3397 274 3454 Omnariue.
347 3405 381 3452 22
409 3397 558 3468 idropicus.
631 3404 665 3452 26
684 3399 720 3452 od
739 3398 826 3466 splen.
898 3401 932 3450 29
952 3395 1124 3450 cummisces.

113 3475 146 3524 81
165 3470 274 3524 urinam
294 3469 421 3524 multem.
