2518 3806
477 116 716 180 —367-

91 277 218 336 mixtum
241 283 271 336 et
294 282 541 354 concorporatum
564 276 674 336 videris
698 276 889 357 medicamen,
912 275 948 335 ab
969 277 1037 354 igne
1057 293 1103 334 re·

91 362 225 424 movebis
257 371 287 423 et
314 365 415 424 mittes
442 367 473 424 in
501 363 590 442 pilam
617 363 744 442 ligneam
772 373 860 443 atque
884 362 943 424 illic
968 372 1026 424 tam
1051 363 1102 424 diu

91 453 220 532 battues,
244 451 338 512 donee
363 454 402 512 sit
425 451 675 534 subactissimum,
699 461 819 512 etcum
844 469 879 511 ex
903 469 938 510 eo
961 451 1103 530 malagma

92 542 192 602 facere
215 539 353 620 volueris,
377 540 441 600 oleo
464 558 570 600 manus
593 559 741 620 perunges
765 548 795 601 et
813 543 853 600 ita
874 539 1029 600 inductum
1049 539 1102 600 lin·

65 639 143 690 steo
168 629 259 689 denso
283 629 329 689 vel
351 628 508 707 phoenicio
532 629 658 708 pedibus
681 629 819 708 adpones.

166 717 323 800 ⁸lllalagma
352 720 412 777 sive
440 735 566 796 acopnm
596 718 630 778 ad
664 717 824 796 podagram
856 717 1139 796 efficacissimum,5

1 875 2 878 Ἴ
94 806 174 886 quod
201 824 303 866 meuse
331 805 465 884 Augusto
493 807 558 866 lieri
586 805 687 867 debet:
719 805 845 866 Resinae
873 805 977 865 frictae
1004 803 1104 883 pondo

1 971 2 974 Ἴ
93 897 160 974 tria,
184 913 269 955 cerae
288 893 319 954 P.
339 893 384 974 Vl,
408 894 466 954 olei
484 896 593 955 veteris
612 895 644 956 P.
664 901 739 975 octo,
763 894 880 974 galbani
899 895 1002 954 uncias
1021 900 1104 972 quat·

7 3236 9 3313 l

7 3362 10 3459 l

93 991 176 1062 tuor,
208 985 270 1062 opii
301 985 404 1044 uncias
432 990 585 1064 quattuor,
618 987 796 1062 opopanacis
824 985 927 1043 uncias
955 989 1105 1063 quattuor,

52 1093 79 1132 1o
93 1073 245 1150 aeruginis
268 1073 371 1132 uncias
395 1089 459 1152 sex,
483 1079 582 1150 guttae
606 1074 805 1132 ammoniacae
828 1072 931 1132 uncias
956 1077 1105 1150 quattuor,

93 1160 189 1238 adipis
213 1159 348 1219 leoninae
371 1162 474 1220 uncias
499 1168 647 1241 quattuor,
671 1160 765 1240 adipis
789 1159 977 1238 leopardinae
1001 1160 1104 1219 uncias

1 1291 2 1316 2
94 1255 244 1330 quattuor,
261 1247 356 1326 adipis
371 1251 525 1308 taxoninae
541 1251 644 1308 uncias
658 1247 708 1330 111,
722 1250 816 1328 adipis
831 1250 985 1308 anserinae
1000 1249 1104 1307 uncias

94 1347 166 1417 tres,
186 1339 247 1396 sevi
267 1337 378 1396 taurini
396 1335 427 1398 P.
447 1336 468 1417 1,
493 1336 601 1398 radicis
625 1337 735 1398 malvae
755 1339 899 1398 erraticae
919 1337 1021 1397 uncias
1041 1334 1104 1408 llll,

94 1424 203 1485 radicis
227 1427 341 1484 cicutae
364 1427 468 1487 uncias
492 1433 640 1504 quattuor,
664 1426 773 1486 radicis
794 1425 880 1486 ibisci
899 1427 1001 1485 uncias
1021 1432 1105 1502 quat·

54 1533 80 1573 as
94 1520 176 1592 tuor,
204 1512 313 1573 radicis
336 1516 505 1573 cucumeris
528 1517 667 1594 agrestis,
696 1531 784 1592 quem
812 1516 913 1592 sicyon
936 1515 1040 1591 agrion
1063 1512 1105 1572 di-

95 1609 175 1680 cunt,
194 1603 296 1660 uncias
316 1609 465 1682 quattuor,
484 1601 592 1662 radicis
612 1602 784 1662 cucurbitae
803 1601 981 1662 domesticae
1001 1602 1104 1660 uncias

95 1695 243 1768 quattuor.
267 1687 408 1749 lnlundes
431 1690 547 1750 radices
570 1708 673 1750 omnes
693 1707 783 1768 supra
802 1692 928 1769 scriptas
947 1691 979 1749 in
998 1707 1105 1767 aquam

94 1777 165 1837 luna
188 1776 371 1858 duodecima,
395 1795 542 1856 exaeques
565 1777 635 1838 luna
659 1778 855 1858 quindecima,
878 1781 918 1838 ita
938 1785 972 1838 ut
991 1777 1027 1837 ad
1046 1787 1105 1838 ter-

95 1867 151 1926 tIas
175 1883 330 1944 excoquas,
355 1873 385 1925 et
407 1865 443 1925 de
468 1869 597 1926 excoctis
621 1869 685 1927 suci
709 1869 845 1946 expressi
862 1866 960 1945 pondo
981 1865 1039 1926 duo
1059 1865 1106 1926 vel

55 1973 81 2013 so
96 1954 170 2014 duos
194 1955 338 2014 sextarios
362 1954 460 2014 iacies.
502 1953 709 2032 Opopanacem
733 1964 763 2016 et
786 1957 887 2034 opium
910 1953 1048 2014 iniundes
1073 1957 1104 2014 in

95 2044 209 2122 viuum,
237 2049 350 2120 guttam
378 2061 448 2103 vero
474 2045 686 2104 ammoniacam
709 2053 739 2104 et
762 2043 918 2123 galbanum
941 2042 1051 2102 tundes
1075 2051 1106 2102 et

95 2131 201 2191 deinde
221 2131 309 2191 simul
328 2133 425 2192 omnia
445 2133 589 2210 permixta
608 2131 687 2192 lento
706 2134 774 2211 igne
794 2133 943 2210 decoquas
961 2149 995 2190 ac
1015 2131 1105 2190 iacies

1 2251 2 2256 κ
96 2222 179 2297 quasi
203 2229 337 2279 cerotum
361 2229 391 2279 et
415 2223 508 2280 uteris
531 2219 588 2280 hoc
612 2221 708 2300 modo,
732 2229 766 2281 ut
784 2219 891 2280 inlinas
909 2220 1037 2279 linteum
1056 2219 1105 2278 de·

0 2320 1 2341 ³
94 2307 313 2387 licatissimum,
341 2308 419 2387 quod
448 2309 512 2368 sine
536 2327 609 2386 ruga
633 2309 827 2388 amplectatur
850 2308 970 2388 pedem3
998 2307 1106 2367 deinde

56 2397 216 2456 aclasoiola
238 2395 343 2456 leviter
366 2395 508 2476 involves,
539 2397 575 2456 ad
603 2397 659 2458 hoc
687 2405 815 2478 tantum,
842 2416 892 2478 ne,
922 2415 990 2456 cum
1014 2395 1106 2474 pedes

97 2487 128 2544 in
155 2483 231 2548 lecto
260 2487 400 2564 moveris,
426 2485 581 2548 linteolum
608 2484 770 2566 replicetur
798 2494 828 2546 et
855 2485 1039 2545 medicamen
1061 2486 1105 2543 in-

97 2573 181 2633 litum
205 2573 333 2653 decidat3
358 2576 469 2634 namsi
492 2576 586 2634 artius
610 2575 779 2653 strinxeris,
803 2576 887 2634 nervi
909 2572 1105 2633 ollendentur.

98 2660 160 2722 Hoc
188 2679 258 2739 ergo
287 2661 469 2722 medicamen
492 2664 575 2722 etin
599 2671 723 2723 accentu
751 2662 847 2740 placat
875 2662 991 2722 dolores
1017 2668 1047 2721 et
1074 2663 1106 2720 in

99 2749 292 2809 declinatione
316 2749 471 2810 confirmat
494 2753 658 2811 sanitatem.

58 2857 84 2896 eo
186 2836 301 2897 Herbae
324 2837 472 2918 verbasci,
501 2857 576 2918 quae
601 2838 766 2900 minoribus
790 2838 868 2900 loliis
896 2846 955 2919 est,
986 2839 1141 2898 summi-6

98 2933 173 2986 tates
200 2933 320 2986 tenerae
349 2945 382 2986 ac
411 2927 478 2987 folia
506 2930 575 2988 trita
607 2929 735 3006 inposita
767 2930 845 2988 intra
876 2946 985 3007 paucas
1018 2926 1106 2985 horas

98 3014 169 3074 adeo
189 3013 335 3074 sedabunt
353 3014 500 3094 podagrae
519 3015 692 3096 molestiam,
711 3025 745 3077 ut
759 3019 812 3095 qui
825 3034 898 3077 usus
912 3017 1003 3076 luerit
1018 3017 1107 3074 etiam

98 3102 247 3163 ambulare
270 3105 372 3180 possit.

185 3191 380 3269 Incipientem
412 3192 570 3270 podagram
601 3193 742 3254 discutiet
768 3191 905 3252 betarum
933 3198 1141 3252 exustarumt

110 3468 129 3522 d
155 3397 417 3537 Affqlmipiemm
431 3397 599 3470 podagram]
614 3399 648 3466 cf.
659 3399 737 3454 Ptin.
752 3399 785 3453 de
798 3397 863 3452 med.
874 3395 922 3465 ΙΙΙ,
939 3401 971 3450 14
986 3397 1023 3465 (p.
1040 3391 1107 3448 193b

98 3485 110 3521 e
130 3511 135 3523 .
214 3511 240 3524 ..
