2564 3794
5 317 6 372 p
99 296 200 371 nigrae
225 295 333 355 radicis
358 314 462 356 sucum
487 297 533 357 vel
556 298 689 358 elusdem
713 297 852 359 loliorum
875 318 980 360 sucum
1005 299 1113 361 XIIII.

99 381 204 443 Omnia
227 385 297 443 trita
321 385 352 443 in
375 402 469 445 unum
492 398 732 465 consparguntur
755 395 785 447 et
808 397 1063 466 concorporantur
1084 398 1114 450 et

4 545 5 556 ἵ
99 470 186 531 melle
205 471 386 550 colliguntur
404 482 493 552 atque
512 477 562 554 ita,
581 483 723 553 utsupra
743 477 958 557 scriptumest,
980 478 1114 538 conlecta

4 569 5 590 ³
98 559 232 620 maxillae
256 561 292 621 ad
317 561 479 622 sedandum
504 562 637 624 dolorem
660 563 793 624 dentium
822 574 852 624 et
875 567 1059 642 gingiuarum
1083 577 1113 626 et

4 635 5 724 Ῐ
71 650 268 726 sgeusiarum
292 648 478 711 adhibentur.
526 651 663 712 Dentium
688 651 820 712 dolorem
847 652 971 732 sedabit,
995 656 1021 713 si
1045 656 1111 732 quis
1130 667 1165 715 2ο

97 755 218 814 gramen
246 740 382 799 mashcet
409 741 556 817 patienter
588 749 618 800 et
645 742 676 800 In
704 740 815 800 doloris
841 740 938 801 locum
967 741 1110 802 conlocet.

3 824 4 881 ζ
98 825 190 885 Cavos
213 826 318 887 dentes
342 829 417 888 cinis
440 830 551 888 murini
574 830 636 889 limi
658 831 806 907 inpositus
825 839 909 889 sanat
927 838 957 889 et
979 829 1110 910 supplet;
1131 843 1164 891 21

3 937 4 998 t
97 913 238 974 dIcuntur
261 915 366 976 dentes
390 917 418 976 ei
439 934 497 976 non
518 927 691 995 putrescere
710 936 766 977 nec
785 917 930 996 vacillare,
955 921 1006 997 qui
1025 936 1111 978 mane

3 1001 4 1052 ἒ
97 1003 215 1063 ieiunus
234 1003 290 1064 sub
309 1003 409 1082 lingua
429 1004 518 1065 salem
538 1005 660 1066 adsidue
680 1007 871 1068 continuerit.
899 1005 1023 1067 Dentem
1043 1025 1110 1067 cum
1130 1018 1163 1066 22

1 1108 3 1129 ·
58 1090 226 1171 redolebis,
254 1094 280 1152 si
308 1094 387 1153 circa
415 1111 483 1154 etim
512 1095 627 1172 gingiva
652 1093 841 1174 suppurabit,
870 1094 1056 1172 scalpellahis
1082 1105 1112 1156 et

97 1179 206 1239 herbae
221 1179 379 1241 mileloliae
394 1182 510 1242 radlees
524 1190 642 1242 teneras
662 1182 908 1261 commastIcabis,
927 1192 990 1244 tum
1006 1202 1111 1246 sucum

1 1292 3 1347 p
97 1270 161 1328 eius
184 1270 216 1328 In
240 1287 273 1328 ea
297 1276 395 1349 parte,
423 1272 454 1330 In
483 1289 541 1349 qua
565 1270 638 1331 dens
661 1271 753 1350 dolet,
781 1271 905 1332 tenebis.
952 1272 1111 1352 Papaveris
1130 1281 1164 1332 23

2 1356 3 1405 l
97 1375 201 1416 sucum
225 1359 330 1418 tritum
354 1377 422 1418 cum
445 1358 520 1419 lacte
544 1359 682 1420 muliebri
705 1359 787 1420 denti
806 1362 941 1420 causacio
960 1360 1110 1440 Inlundes,

97 1447 196 1505 statim
214 1447 356 1525 proderit.
390 1446 516 1508 Carmen
535 1448 570 1508 ad
591 1449 724 1509 dentium
744 1448 875 1509 dolorem
894 1449 1054 1510 mirificum
1073 1449 1109 1510 de
1130 1459 1164 1508 24

56 1550 82 1590 15
96 1535 308 1612 experimento.
348 1534 431 1596 Luna
459 1536 651 1598 decrescente
675 1537 723 1597 die
746 1536 849 1597 llartis
875 1539 937 1597 slve
960 1537 1008 1598 die
1032 1538 1109 1598 Iovis

95 1622 169 1682 haec
192 1622 282 1684 verba
309 1623 392 1685 dIces
419 1627 544 1703 septies:
578 1625 717 1703 Argidam
745 1625 907 1703 margIdam
936 1624 1107 1703 sturgidam.

95 1710 234 1772 Dolorem
246 1730 377 1793 rumpes,
390 1731 459 1773 cum
474 1712 616 1774 calciatus
631 1713 687 1773 sub
702 1713 769 1774 dlvo
784 1731 872 1791 supra
889 1721 999 1774 terram
1014 1715 1109 1772 vivam

96 1807 178 1860 stans
202 1809 292 1880 caput
314 1819 403 1862 ranae
427 1801 632 1880 adprehendes
657 1809 686 1862 et
713 1820 746 1861 os
770 1803 887 1880 aperies
907 1810 937 1862 et
956 1819 1045 1880 spues
1065 1803 1108 1862 in·

94 1897 141 1948 tra
169 1907 202 1948 os
231 1891 295 1950 eius
324 1899 354 1950 et
381 1890 501 1969 rogabis
529 1908 608 1970 eam,
634 1899 669 1950 ut
697 1889 831 1950 dentium
860 1889 978 1950 dolores
1007 1907 1109 1950 secum

54 1993 81 2032 so
94 1977 179 2057 serat,
203 1985 233 2038 et
251 1987 316 2038 tum
334 1980 429 2039 vivam
450 1979 583 2040 dimittes
603 1987 633 2038 et
650 1978 707 2038 hoc
727 1978 774 2038 die
794 1978 872 2038 bono
892 1987 922 2038 et
940 1977 1013 2038 hora
1032 1977 1109 2042 bona

94 2066 194 2126 facies.
236 2065 423 2128 Vermiculus
451 2070 482 2128 in
510 2066 638 2128 cardone
666 2065 759 2127 herba
787 2069 925 2127 inventus
953 2066 1108 2145 phoenicio
1129 2078 1162 2126 22

93 2152 233 2232 InIIgatus
248 2154 383 2234 colloque
398 2175 561 2236 suspensus
576 2155 671 2217 dolori
684 2155 819 2216 dentium
831 2156 975 2216 medetur.
996 2154 1107 2215 Cucur-
1128 2167 1161 2216 22

94 2242 174 2302 bitae
194 2246 303 2305 sativae
322 2255 422 2305 coctae
443 2263 533 2306 sucus
552 2247 583 2305 ln
602 2244 693 2305 linteo
708 2262 868 2324 expressus
888 2253 918 2304 et
932 2245 962 2303 in
978 2262 1029 2304 ore
1045 2253 1107 2304 ten·

94 2341 144 2392 tus
173 2335 203 2392 e't
231 2332 364 2393 dolorem
391 2333 508 2394 inhibet
535 2334 669 2395 dentium
700 2344 730 2393 et
760 2341 879 2393 coercet
902 2331 1108 2393 mobilitatem.

54 2420 221 2480 salcetum
243 2421 377 2500 tepidum
400 2423 569 2484 scilliticum
592 2423 624 2482 in
648 2440 700 2482 ore
724 2429 839 2482 tentum
864 2429 893 2483 et
912 2423 1044 2500 gingivas
1063 2430 1109 2481 tu·
1128 2433 1162 2481 2⁷

93 2517 211 2570 mentes
235 2513 412 2589 constringit
442 2521 471 2572 et
494 2513 627 2572 continet
655 2511 759 2571 dentes
782 2509 961 2571 vacillantes.
1008 2509 1108 2588 Capri·
1129 2522 1162 2570 28

93 2598 143 2657 fici
167 2597 251 2658 radix
274 2601 342 2659 vino
366 2600 489 2660 decocta
511 2602 642 2678 tritaque
665 2598 800 2660 maxillae
824 2601 978 2678 inponitur
1001 2617 1035 2659 ac
1059 2597 1109 2658 de·

93 2704 186 2764 super
209 2686 318 2766 ligatur
341 2697 372 2748 22
394 2687 467 2748 illud
490 2690 592 2749 vinum
616 2690 648 2748 in
667 2706 719 2748 222
738 2687 790 2748 diu
808 2695 938 2767 tenetur,
961 2687 1044 2747 valde
1063 2704 1109 2746 re·

93 2775 192 2834 medio
208 2784 254 2836 est
268 2775 416 2837 dentibus.
447 2776 601 2838 Ruborum
620 2795 722 2856 cymae
741 2785 862 2837 tenerae
877 2795 912 2836 ex
927 2777 995 2836 vico
1010 2782 1109 2835 vetere
1128 2787 1162 2836 29

53 2879 79 2920 so
94 2872 243 2925 cocuntur
266 2873 296 2924 et
318 2865 349 2925 id
373 2867 473 2926 vinum
498 2867 616 2944 saepius
636 2883 688 2925 ore
707 2867 887 2943 continetur,
910 2863 1061 2924 interdum
1081 2871 1111 2923 et

93 2952 299 3033 gargalizatur,
323 2953 402 3032 quod
426 2956 526 3014 statim
549 2955 685 3033 gIngivis,
708 2971 782 3014 uvae
807 2963 837 3014 et
860 2951 999 3014 dentibus
1020 2951 1109 3030 prod·

93 3051 149 3102 est.
184 3040 441 3122 QuInqueloIIum,
465 3045 496 3102 in
520 3061 579 3120 quo
603 3043 685 3120 fraga
707 3051 885 3122 nascuntur,
909 3040 1050 3102 colluitur
1073 3059 1109 3100 ex
1129 3053 1163 3100 32

93 3148 171 3208 aqua
189 3132 312 3212 marma,
327 3130 433 3192 deinde
448 3131 484 3191 ad
499 3133 603 3192 tertias
623 3130 801 3209 decoquitur
819 3150 855 3190 ex
874 3131 942 3190 vino
961 3138 1012 3190 aut
1025 3137 1109 3189 aceto

92 3219 184 3297 idque
208 3220 239 3279 in
258 3237 310 3280 ore
330 3219 443 3280 diutius
462 3221 646 3300 continetur,
667 3219 755 3280 etiam
775 3227 897 3278 exustae
916 3219 981 3277 eius
999 3216 1109 3276 herbae

165 3353 330 3408 Imaxillis.
395 3360 428 3408 13
447 3371 544 3408 sucum
563 3370 614 3408 ont.
672 3351 806 3406 caurarIo.
863 3356 895 3404 tv
916 3367 1027 3418 rumpes
1047 3366 1110 3402 cum

91 3426 206 3492 scripsi:
224 3441 322 3493 rumpe
341 3442 402 3479 rum
417 3426 474 3479 cod.
489 3441 600 3502 rumpes
621 3423 706 3476 etiam
726 3421 751 3473 si
770 3422 931 3474 0222222222.
997 3424 1038 3499 Ι181
1050 3419 1110 3473 eius

92 3496 158 3551 add.
177 3500 241 3550 onte
258 3511 351 3549 ranae.
421 3501 454 3547 21
474 3492 588 3562 fyniero.
653 3494 688 3542 24
706 3489 845 3542 cohercet.
912 3493 947 3542 22
967 3489 1110 3543 serllttum.
