2518 3806
532 94 768 158 -366-

143 255 207 327 Quo
235 256 429 316 medicamine
457 255 631 334 refrigerato
657 257 702 315 uti
724 255 881 316 conveniet
903 273 957 332 pro
981 252 1167 331 malagmate
1254 313 1255 323 ,

36 349 39 356 “
144 343 191 405 rcl
214 343 373 424 emplastro
397 344 433 404 ad
457 362 500 424 ea,
523 361 598 422 quae
622 361 711 422 supra
735 345 846 422 scripta
868 351 945 405 scint.

534 537 612 599 cte.
637 536 763 597 XXXVl.

168 650 224 707 Ad
250 649 434 719 podagram
462 649 606 705 calidam
634 652 669 704 et
694 649 853 718 frigidam
882 651 917 704 ot
944 648 1141 717 chiragram

266 737 417 794 remedia
438 738 579 807 physica
615 740 649 792 ct
665 737 880 793 rationabilia
902 737 1036 794 diversa

492 827 535 882 de
560 827 809 896 experimentis.

110 975 124 1022 1
232 961 395 1042 Podagram
422 961 495 1022 lenit
523 980 664 1043 oesypum
687 980 755 1022 cum
778 961 854 1023 lacte
877 961 1010 1022 nrulieris
1033 969 1064 1022 et
1089 981 1164 1022 cum

144 1069 265 1112 cerussa
293 1051 474 1132 adpositum,
501 1051 589 1112 fimus
618 1069 736 1130 quoque
759 1049 889 1112 bubulus
913 1068 1019 1111 recens
1043 1049 1163 1112 calidus

144 1151 175 1202 et
201 1139 358 1218 pulmones
385 1139 509 1217 pecudis
543 1139 630 1199 calidi
662 1147 799 1200 recentes
832 1147 862 1200 et
892 1139 932 1206 iel
958 1141 1060 1199 arietis
1089 1155 1189 1200 cums

145 1245 214 1288 sevo
243 1245 297 1286 suc
325 1235 356 1286 et
378 1229 466 1287 timus
489 1227 665 1305 gallinarum
688 1245 795 1288 recens
818 1227 971 1306 adpositus
994 1226 1161 1306 plurimum

144 1317 224 1375 iuvat
251 1332 368 1374 necnon
395 1324 425 1374 ct
453 1315 570 1375 cocleae
597 1315 752 1375 Africanae
781 1334 849 1377 cnm
877 1333 929 1376 sua
958 1333 1047 1376 carne
1077 1335 1160 1376 ccm-

145 1403 249 1464 bustac
273 1404 407 1482 cinisque
432 1421 534 1464 carum
558 1422 594 1464 ex
617 1405 686 1464 vinc
709 1403 813 1465 inlitus
837 1405 982 1465 medetur.

110 1502 125 1552 2
234 1491 375 1553 Ceratum
403 1491 559 1553 adversum
587 1491 696 1571 pedum
719 1492 837 1553 dolores
861 1492 917 1554 hoc
940 1492 1028 1552 modo
1053 1493 1161 1555 facies:

145 1580 210 1642 Olei
228 1580 327 1660 pondo
346 1579 381 1660 ll,
404 1580 550 1641 medullae
569 1583 705 1642 cervinae
724 1583 828 1641 uncias
848 1599 908 1663 sex,
927 1583 1044 1641 resinae
1064 1581 1161 1642 irixae
1175 1600 1199 1638 rc

144 1672 248 1731 uncias
272 1687 332 1750 ser,
356 1668 455 1748 butyri
479 1673 596 1730 unciam
620 1688 717 1730 unam.
751 1669 831 1730 Haec
850 1671 962 1748 pariter
980 1671 1012 1728 in
1031 1669 1161 1730 caccabo

146 1759 301 1819 solvuntur
320 1767 350 1819 et
368 1758 513 1838 colantur,
533 1765 637 1837 postea
656 1758 766 1818 adicies
784 1757 839 1818 lini
858 1759 980 1818 seminis
999 1757 1161 1840 heminam,

145 1847 223 1908 lacni
242 1849 341 1925 graeci
359 1846 517 1926 heminam,
541 1864 615 1925 quae
639 1849 680 1906 ita
698 1848 809 1925 pariter
828 1863 1007 1926 concoqueS,
1029 1855 1064 1907 ut
1083 1851 1160 1925 spis·

146 1954 212 1996 sum
236 1938 287 2016 sit3
311 1935 418 1995 deinde
441 1934 552 1995 celabis
576 1944 606 1995 et
625 1935 661 1995 de
680 1937 745 2013 ipso
765 1935 860 1996 colato
879 1937 921 1996 ita
939 1933 1066 1994 densum
1084 1943 1161 1996 tem·

145 2023 273 2103 parabis,
297 2023 392 2083 donec
415 2023 608 2102 emplastrum
631 2023 729 2084 iacias.
1174 2040 1197 2080 15

110 2122 126 2170 3
235 2111 409 2172 Remedium
437 2113 644 2191 paregoricnm
673 2112 709 2172 ad
739 2112 900 2190 podagram
926 2113 983 2172 sic:
1016 2110 1162 2190 Cupressi

146 2200 234 2261 bacas
253 2199 362 2261 virides
383 2207 455 2278 quot
474 2200 602 2260 volueris
622 2200 754 2279 dcccque
774 2219 810 2260 ex
830 2218 905 2279 aqua
923 2201 1046 2280 marina,
1063 2199 1161 2261 donec

145 2288 249 2349 molles
277 2289 362 2370 liant3
391 2287 497 2348 deinde
526 2288 675 2348 contunde
704 2291 734 2348 in
762 2289 821 2367 pila
849 2297 879 2349 ct
902 2288 1027 2349 subinde
1051 2307 1161 2367 aquam

146 2377 290 2455 adsparge
317 2385 347 2437 et
376 2375 512 2436 manibus
543 2375 661 2457 subige,
694 2385 727 2438 ut
760 2387 908 2456 tamquam
936 2377 1079 2455 malagma
1107 2380 1160 2453 sit3

146 2464 215 2525 inde
239 2465 317 2524 inter
339 2466 424 2526 initia
447 2464 558 2525 doloris
582 2467 710 2547 impone,
736 2468 835 2526 statim
859 2465 1042 2544 mitigabitur
1065 2464 1158 2526 dolor.
1174 2480 1202 2521 sc

110 2563 128 2611 4
234 2551 376 2631 Malagma
394 2553 633 2614 efficacissimum
652 2554 688 2614 ad
706 2553 866 2632 podagram
885 2556 941 2614 sic:
960 2553 1064 2614 Carnis
1079 2555 1160 2632 agni·

146 2657 200 2700 nae
224 2639 255 2701 P.
274 2639 320 2720 Vl,
343 2643 482 2719 caprinae
501 2639 532 2703 P.
552 2641 598 2724 Vl,
622 2641 748 2702 bubulae
771 2642 952 2703 masculinae
975 2642 1073 2720 pondo
1098 2660 1158 2720 sex,

146 2729 222 2807 picis
249 2727 378 2806 liquidae
402 2728 432 2788 Ρ.
452 2728 475 2787 V
504 2729 549 2789 vel
578 2733 666 2790 ctiam
689 2729 739 2810 Vl,
768 2733 840 2790 nitri
863 2729 893 2790 P.
913 2728 990 2810 Vlll,
1018 2729 1157 2790 bacarum

146 2819 276 2895 iuniperi
294 2815 393 2894 pondo
413 2835 473 2897 ser,
493 2836 579 2877 cerae
598 2818 630 2878 P.
645 2818 757 2878 decem.
787 2817 867 2878 Haec
886 2819 984 2878 omnia
1003 2836 1158 2898 concerpe,

148 2904 306 2984 contunde,
330 2921 425 2982 coque
450 2913 480 2965 et
498 2923 567 2965 cnm
585 2905 731 2984 liquidum
751 2906 841 2967 fuerit
859 2906 1051 2986 medicamen,
1075 2905 1157 2966 adice
1171 2920 1197 2961 ss

149 3011 251 3072 cepam
284 2999 315 3054 et
347 2991 472 3054 subinde
505 2995 652 3071 permisce
685 3003 715 3055 ct
747 2994 854 3055 deinde
882 2993 1038 3073 galbanum
1067 2995 1158 3074 mitte,

149 3089 293 3161 quantum
308 3083 509 3142 aestimaveris
524 3082 662 3142 sulficere
677 3101 774 3162 posse,
789 3092 819 3143 et
834 3083 958 3143 subinde
971 3083 1056 3160 agita.
1077 3081 1157 3152 Quae

150 3189 218 3232 cum
241 3171 317 3231 bene
340 3169 498 3249 liquefacta
522 3179 552 3231 et
575 3173 733 3232 commixta
756 3171 876 3252 fuerint,
901 3171 1011 3230 adicies
1034 3169 1159 3248 sulphur

150 3267 180 3318 et
202 3261 315 3320 nitrum
339 3267 369 3318 et
392 3259 479 3322 bacas
503 3258 579 3320 lauri
602 3270 754 3340 contusas;
777 3259 883 3320 deinde
907 3276 974 3318 cum
999 3257 1074 3317 benc
1093 3275 1158 3336 per-

240 3451 255 3498 3
276 3446 423 3516 oesypum]
442 3448 477 3514 cf.
494 3447 572 3502 Pue.
586 3465 613 3502 n.
627 3448 653 3502 h.
668 3453 710 3515 30,
726 3452 768 3500 76.
