2636 3790
499 95 713 158 ..11-

96 255 318 334 delervelacies,
341 253 410 314 inde
435 272 540 333 aquam
564 273 615 315 ore
638 256 813 337 continebis,
837 257 889 318 sed
909 265 999 336 caput
1017 257 1111 320 calide

96 343 252 425 nectabis,
280 352 315 404 ut
342 343 414 404 lluat
437 345 552 421 pituita.
589 342 675 413 Quod
704 347 730 405 si
753 348 820 424 quis
843 347 987 427 neglegit,
1015 349 1112 426 capiet

97 434 224 512 epiioras
244 431 402 493 oculorum
421 439 471 492 aut
491 433 625 493 dentium
644 433 690 493 vel
709 435 827 494 aurium
844 434 985 497 dolorem.
1018 434 1110 497 lnter·

96 522 164 582 dum
193 523 286 582 etiam
314 527 446 582 strumae
473 521 684 600 parotidesque
712 531 877 584 nascuntur
901 532 931 584 et
953 523 1009 584 alia
1031 526 1111 604 vitia,

73 628 168 690 aquae
192 613 276 670 circa
299 610 401 670 fauces
422 613 613 688 cervicesque
637 613 710 670 oriri
729 610 838 692 solent3
861 612 933 672 item
952 611 1110 674 destillatio

95 709 142 761 aut
175 697 307 778 gravedo
336 700 453 758 narium
483 701 540 759 crit
572 707 602 759 et
634 699 785 760 interdum
818 699 919 760 ulcera
951 702 982 759 in
1015 703 1110 779 capite

93 796 263 850 nascuntur
291 794 342 848 aut
369 788 458 847 etiam
482 786 579 866 capilli
603 787 745 848 delluunt.
784 788 858 849 Gum
883 795 983 848 autem
1006 806 1023 849 a
1045 787 1145 849 tho-⁷

93 895 160 938 race
188 873 316 937 morbus
343 878 489 956 nascitur,
517 877 624 954 incipit
651 884 740 956 caput
763 877 870 938 sudare
894 877 1053 956 linguaque
1078 878 1112 938 lit

93 968 224 1026 crassior
249 971 301 1024 aut
324 983 357 1024 os
381 983 514 1025 amarum
536 973 587 1025 aut
605 964 722 1026 tusillas
741 965 851 1026 dolent.
889 964 1033 1027 Oscitatio
1053 967 1111 1027 erit

60 1072 81 1110 n
92 1055 238 1134 frequens
263 1055 327 1113 sine
347 1070 451 1113 somno
474 1061 505 1113 et
528 1055 638 1133 quiete,
661 1061 764 1132 torpor
785 1054 996 1136 membrorum,
1020 1057 1110 1116 animi

92 1143 190 1223 dolor,
209 1139 341 1220 'prurigo
365 1143 512 1222 corporiS,
541 1141 660 1202 brachia
683 1161 848 1222 manusque
871 1144 994 1205 adsidue
1018 1146 1109 1205 intre·

91 1235 222 1293 miscent
251 1229 407 1309 subitaque
435 1233 527 1292 tussis
556 1230 636 1290 arida
664 1238 694 1291 et
717 1233 850 1310 inquieta
873 1240 1020 1294 nascetur.
1064 1231 1110 1293 Ex

90 1321 136 1381 bis
166 1339 241 1398 ergo
270 1337 337 1379 cum
365 1319 476 1398 aliquid
505 1318 660 1398 acciderit,
688 1319 795 1380 vitabis
823 1322 928 1383 vitium
953 1339 1055 1402 grave,
1084 1323 1110 1381 sl

90 1410 245 1470 vomueris
276 1410 337 1468 sire
367 1410 485 1468 ieiunus
516 1409 578 1468 sive
606 1415 674 1487 post
702 1427 805 1470 cenam
841 1409 886 1470 vel
919 1412 950 1470 in
982 1409 1108 1471 balineo.

56 1515 77 1555 15
90 1497 162 1559 Plus
187 1503 289 1558 antem
311 1496 447 1577 prodest,
471 1498 497 1556 si
521 1498 641 1557 ieiunus
663 1496 753 1559 bilem
776 1499 915 1580 sicceris,
941 1517 1006 1559 eam
1029 1500 1109 1559 enim

92 1587 224 1647 dicimus
251 1593 377 1646 matrem
405 1583 586 1646 morborum.
634 1585 692 1646 Sed
717 1589 769 1666 qui
792 1605 910 1648 vomere
934 1586 1040 1648 nolunt
1062 1585 1110 1647 vel

89 1694 150 1736 non
175 1683 317 1753 possunt,
342 1677 409 1753 quia
431 1674 583 1735 stomacho
607 1673 755 1755 laborant,
779 1675 894 1736 decimo
918 1693 1037 1753 quoque
1061 1673 1108 1734 die

89 1763 253 1824 ieiunando
273 1765 352 1822 omni
372 1762 438 1823 cibo
458 1781 489 1824 se
508 1762 687 1824 abstineant:
708 1781 767 1841 quo
785 1764 863 1823 facto
878 1765 983 1823 vitium
997 1762 1108 1838 grande

90 1851 243 1932 vitabunt,
271 1869 337 1912 nam
366 1852 539 1930 frequenter
568 1850 714 1911 vomendo
742 1850 817 1911 solet
845 1849 1016 1911 stomachus
1040 1869 1108 1911 con·

52 1959 77 1998 so
90 1943 201 2020 rumpi.
240 1939 325 2009 Quod
344 1941 371 2000 si
389 1959 405 2000 a
422 1949 524 2000 ventre
539 1939 662 2000 morbus
677 1941 800 2019 orietur,
819 1938 892 1998 baec
907 1947 996 1999 erunt
1010 1941 1108 2017 signa:
1127 1945 1143 1994 8

90 2030 202 2090 Venter
222 2037 355 2089 vertetur
373 2037 462 2107 atque
481 2027 651 2089 turbabitur
669 2037 699 2089 et
716 2029 826 2088 sentiet
842 2026 964 2088 crebros
979 2026 1107 2107 dolores,

91 2119 177 2180 cibus
202 2124 234 2178 et
256 2117 337 2195 potio
361 2135 459 2178 amara
482 2117 676 2198 videbuntur,
701 2135 798 2196 genua
821 2115 989 2198 succident,
1013 2114 1107 2176 lumbi

90 2206 309 2287 gravabuntur,
339 2204 564 2285 interscaplium
591 2205 785 2267 contrahetur
812 2213 968 2284 totumque
996 2223 1106 2285 corpus

90 2293 294 2375 particulatim
308 2294 487 2373 gravabitur,
502 2293 699 2354 tardabantur
713 2295 812 2375 pedes,
827 2297 911 2374 pigra
926 2295 998 2355 fient
1008 2313 1105 2375 crura,

57 2398 180 2446 serenes
209 2383 395 2444 indolescent
418 2391 448 2443 et
470 2390 538 2462 post
561 2383 634 2443 haec
658 2383 819 2444 febriculae
842 2386 1005 2444 incurrent.
1052 2382 1105 2444 His

89 2476 193 2553 itaque
219 2473 344 2550 cognitis
367 2474 462 2551 prima
484 2479 530 2532 est
549 2471 744 2532 abstinentiae
763 2472 884 2534 utilitas.
920 2471 997 2533 Tarm
1017 2473 1106 2532 etiam

89 2563 318 2624 medicamentis
350 2560 446 2621 alvum
473 2562 596 2640 purgari
624 2559 785 2642 oportebit,
818 2569 852 2622 ut
879 2579 966 2639 grave
995 2577 1105 2638 corpus

89 2651 266 2712 levamentis
284 2651 411 2710 iuvetur.
458 2649 543 2720 erod
563 2652 588 2709 si
606 2647 729 2709 morbus
748 2651 842 2710 maior
865 2667 1002 2728 premere
1025 2647 1105 2710 vide-

90 2739 189 2821 bitur,
219 2737 329 2799 adicies
358 2738 483 2799 alterum
510 2738 590 2798 diem
617 2737 826 2818 abstinentiae,
853 2740 879 2798 si
904 2745 1003 2798 tamen
1026 2738 1105 2797 vires

57 2831 257 2908 sopatientur:
286 2829 333 2887 sin
360 2829 466 2906 minus,
495 2844 583 2906 quam
607 2825 791 2887 levissimum
815 2844 915 2887 sumes
939 2825 1048 2906 cibum,
1072 2833 1106 2886 ut

90 2932 180 2979 ovum
205 2915 315 2976 sorbile
338 2923 453 2976 tantum
477 2923 528 2975 aut
547 2914 658 2994 aliquid
676 2933 730 2974 ovo
750 2915 845 2975 simile
864 2915 1001 2992 accipias.
1042 2912 1105 2974 lloc

90 3009 143 3086 qui
166 3003 343 3086 neglegunt,
370 3005 446 3064 fiunt
469 3003 585 3084 cyliaci,
613 3005 782 3086 torminosi,
807 3003 992 3084 dysinterioi,
1017 3004 1105 3063 etiam

91 3114 126 3155 ex
156 3113 192 3154 eo
222 3100 386 3154 nascuntur
413 3094 557 3153 tertianae
586 3099 617 3152 et
645 3101 818 3173 quartanae,
851 3093 925 3154 liunt
952 3091 1105 3171 podagrici

163 3248 307 3316 2capeat
324 3251 341 3300 1
347 3263 373 3300 m
392 3245 487 3315 capiet
505 3251 564 3303 2m.
674 3245 838 3299 8nascitur
860 3261 910 3299 om.
1005 3242 1106 3310 incipit

92 3319 190 3390 caput]
214 3316 244 3371 in
268 3317 353 3387 capnt
371 3318 476 3372 additis
493 3332 580 3385 supro
599 3317 700 3370 lineam
718 3315 817 3384 cipite
838 3316 927 3370 liabis.
1002 3319 1036 3365 14
1054 3312 1106 3366 ba-

91 3391 166 3446 lineo
185 3395 202 3444 1
208 3405 244 3456 m,
261 3404 337 3444 nunc
354 3388 365 3442 i
383 3389 476 3443 littero
493 3403 572 3442 masa
590 3391 636 3441 est.
701 3390 739 3467 2⁸.
753 3333 930 3440 videluntur.
992 3387 1026 3434 29
1046 3381 1106 3435 adi·

93 3463 156 3517 cias.
232 3466 267 3515 30
285 3458 434 3515 levissime.
508 3463 542 3512 32
564 3455 749 3526 dissyntencr.
