2564 3794
565 105 804 167 -110—

178 264 310 343 inlitum,
338 263 454 324 cocleae
482 266 627 324 contritae
656 271 686 324 et
714 265 804 323 fronti
831 263 932 323 inlitae
961 263 1096 323 similiter
1124 280 1191 340 pro-

126 360 258 414 353331.
295 353 403 412 Aranei
427 352 484 412 tela
508 354 586 412 sicca
609 352 743 431 adposita
766 350 904 411 subvenit
923 353 1039 411 narium
1058 353 1192 410 cruentis

178 436 333 520 lluoribus,
357 458 392 500 ex
416 441 542 501 ferventi
566 459 640 519 aqua
664 458 755 518 vapor
779 439 901 500 naribus
922 447 1037 501 tractus
1055 439 1193 500 medetur

125 541 159 590 26
179 547 280 589 earum
305 529 458 608 gravidini.
504 527 664 588 Gallinacei
687 527 845 588 cerebrum
870 527 915 588 vel
938 530 1059 606 sanguis
1083 527 1194 588 colum·

178 617 266 678 binus
294 617 332 678 ob
357 618 388 677 id
412 627 547 678 servatus
571 618 762 694 remedioque
786 616 936 676 adbibitus
959 616 1082 676 naribus
1105 615 1221 695 prod-5

178 713 236 786 est,
266 706 318 766 sed
347 709 373 766 si
400 725 434 766 ex
459 705 581 766 vulnere
605 706 761 766 immodice
784 705 856 765 lluat
879 707 1009 784 sanguis,
1035 705 1123 764 fimus
1148 724 1195 764 ca-

124 795 305 874 27.ballintrs
329 795 476 872 quomodo
500 797 633 872 egeritur
660 793 814 872 adpositus
838 795 938 853 statim
962 793 1107 854 subvenit.
1152 793 1194 852 lle

125 894 158 942 28
176 902 267 963 porro
291 884 401 942 sectivo
426 885 496 942 trito
521 900 609 942 nares
632 881 758 942 fluentes
783 889 864 942 recte
889 881 1076 942 obturantur.
1112 881 1196 941 Lana

178 972 279 1032 sucida
304 973 431 1031 coicitur
453 973 485 1030 in
508 989 596 1030 nares
620 989 688 1032 cum
710 970 774 1030 oleo
794 989 917 1030 rosaceo
937 979 967 1030 et
986 969 1137 1030 auriculae
1158 970 1196 1030 de

177 1061 242 1120 lana
267 1059 368 1120 sucida
393 1059 571 1119 obturantur
594 1061 682 1118 etita
702 1061 822 1137 sanguis
841 1058 993 1136 prolluens
1012 1060 1195 1119 continetur.
1212 1073 1236 1112 ιο

125 1159 158 1209 29
178 1147 340 1227 Coagulum
364 1150 504 1226 agninum
528 1166 564 1206 ex
587 1165 663 1225 aqua
687 1147 843 1208 subactum
867 1155 897 1208 et
917 1148 1049 1208 inlusum
1069 1147 1197 1208 naribus

124 1248 159 1298 3ο
177 1236 340 1297 fluentibus
364 1238 438 1296 mire
462 1236 591 1314 prodest.
629 1235 728 1314 adeps
752 1236 788 1295 de
812 1235 969 1296 anseribus
992 1254 1060 1296 cum
1084 1235 1196 1316 butyro

124 1337 157 1386 31
178 1328 244 1404 pari
266 1325 398 1404 pondere
421 1324 539 1384 infusus
562 1323 741 1402 profluvium
765 1326 881 1384 narium
905 1326 992 1384 sistit.
1030 1323 1123 1384 Terra
1149 1324 1197 1384 vel
1256 1395 1257 1404 ἦ

178 1413 280 1492 argilla
303 1413 339 1472 dc
363 1415 478 1474 camino
502 1413 547 1472 vcl
571 1412 606 1472 de
626 1413 714 1473 furno
734 1415 855 1491 antiquo
875 1414 984 1472 teritur
1003 1421 1033 1472 et
1052 1431 1088 1472 ex
1108 1421 1196 1473 aceto

178 1501 363 1580 temporibus
392 1509 422 1562 ct
452 1501 590 1581 cerebro,
617 1501 740 1562 naribus
768 1519 886 1580 quoque
915 1501 1051 1561 inlinitur
1075 1501 1119 1560 vel
1150 1505 1237 1562 in-15

124 1602 158 1650 32
178 1591 322 1670 tunditur,
343 1609 418 1668 quae
438 1608 487 1649 res
501 1589 698 1669 prolluentem
715 1591 806 1649 nimie
821 1591 996 1668 sanguinem
1015 1591 1102 1650 sistit.
1130 1589 1196 1650 Tus

178 1689 208 1740 ct
227 1681 325 1739 resina
344 1682 374 1738 13
394 1679 518 1738 larinam
537 1678 655 1738 redacta
675 1677 798 1738 naribus
821 1677 973 1757 induntur,
999 1679 1078 1756 quod
1097 1696 1196 1739 remc-
1256 1741 1257 1754 .

124 1779 158 1828 33
178 1769 259 1828 dium
284 1769 373 1828 etiam
392 1785 428 1826 ex
448 1785 499 1827 ore
518 1775 686 1826 manantem
707 1768 879 1844 sanguinem
900 1765 1026 1826 cohibet.
1064 1765 1105 1826 lle
1126 1785 1197 1827 san·
1256 1767 1257 1796 ³

177 1859 266 1935 guina
289 1858 355 1934 ipso
379 1857 431 1934 qui
453 1855 520 1915 lluit
542 1873 651 1916 nomen
675 1857 739 1915 eius
763 1857 794 1914 in
813 1854 910 1914 lronte
930 1855 1036 1934 scribe,
1061 1857 1109 1914 cui
1132 1875 1197 1916 me-

177 1945 306 2006 dendum
335 1951 394 2024 est,
427 1944 583 2004 adversum
613 1943 791 2022 profluvium
820 1945 953 2022 narium,
990 1945 1089 2013 statim
1122 1943 1196 2003 sub·
1211 1958 1237 1998 ae

124 2044 159 2092 34
178 2037 286 2094 venies.
310 2031 431 2093 Scribas
446 2050 565 2092 carmen
578 2033 633 2092 boc
647 2035 679 2092 in
692 2031 795 2091 cbarta
807 2033 922 2109 virgine
937 2039 967 2091 et
980 2031 1072 2090 linteo
1087 2031 1197 2110 ligabis

178 2131 207 2182 ct
235 2122 366 2182 medium
394 2123 496 2198 cinges
525 2137 593 2180 eum
622 2120 667 2180 vel
698 2139 774 2198 eam,
803 2138 878 2197 quae
906 2123 1036 2198 patietur
1060 2120 1096 2179 dc
1120 2139 1194 2199 qua-

178 2211 251 2270 libet
273 2219 358 2288 partc
382 2210 516 2286 corporis
541 2211 694 2285 sanguinis
717 2208 843 2268 fluxum:
871 2205 1042 2286 sicy'cuma
1066 2227 1196 2269 cucuma

124 2309 158 2357 35
178 2315 284 2357 ucuma
302 2315 387 2357 crima
401 2314 469 2356 uma
486 2314 557 2355 maa.
586 2295 659 2356 Item
675 2315 794 2356 carmen
809 2296 865 2356 hoc
881 2296 953 2356 utile
968 2296 1113 2374 profluvio
1128 2316 1195 2357 mu-

177 2384 277 2445 liebri:
301 2384 445 2462 Stupidus
463 2386 495 2444 in
514 2394 613 2444 monte
632 2384 702 2464 ibat,
726 2385 863 2463 stupidus
883 2387 1011 2464 stupuit3
1037 2385 1141 2445 adiuro
1163 2395 1193 2446 te
1210 2394 1236 2436 2⁵

177 2475 297 2552 matrix,
325 2491 363 2533 ne
387 2472 443 2532 boc
467 2473 608 2533 iracunda
634 2475 792 2552 suscipias;
819 2475 883 2552 pari
907 2475 1022 2533 ratione
1047 2475 1194 2552 scriptum

124 2573 158 2623 36
178 2561 291 2640 ligabis.
337 2560 464 2640 Myrram
492 2579 558 2620 cum
588 2562 679 2621 nardo
708 2579 784 2639 puro
812 2569 933 2622 contere
960 2569 989 2622 et
1012 2562 1081 2621 inde
1104 2581 1194 2622 nares

177 2659 264 2728 tange
293 2667 378 2709 mane
407 2657 437 2708 et
459 2667 595 2729 vespera,
624 2649 782 2710 subvenies
811 2652 948 2728 sanguini
975 2651 1102 2710 nimium
1125 2669 1193 2729 pro-

124 2750 158 2799 33
177 2739 289 2798 fluenti.
313 2737 424 2798 Verum
438 2737 565 2798 ferream
580 2737 755 2798 candentem
770 2741 800 2798 13
815 2748 898 2798 aceto
914 2738 1036 2798 adsidue
1051 2741 1192 2816 extingue

124 2838 158 2887 38
178 2836 208 2887 et
231 2827 345 2886 lumum
367 2829 431 2886 eius
455 2825 577 2886 naribus
601 2826 711 2886 ducito.
749 2826 826 2886 Ruta
849 2829 967 2905 saepius
990 2827 1127 2888 olfactata
1146 2827 1192 2887 vel
1207 2838 1235 2877 ³0

178 2917 247 2975 trita
270 2914 353 2974 inlita
377 2917 550 2993 sauguinem
574 2934 610 2974 ex
633 2914 755 2974 naribus
779 2917 867 2975 nimis
888 2915 1030 2976 fluentem
1050 2917 1191 2976 retundit.

124 3003 271 3064 33113113
300 3005 412 3064 urticae
441 3005 530 3082 capiti
561 3005 702 3082 inposita,
730 3005 754 3062 sl
780 3003 917 3063 manibus
940 3005 1076 3082 utrisque
1100 3023 1191 3084 supra

178 3101 267 3171 caput
290 3094 487 3170 contineatur,
512 3094 586 3152 mire
610 3091 732 3170 prodest
756 3091 913 3152 adversum
936 3089 1114 3170 profluvium
1139 3111 1191 3152 na-

124 3192 159 3241 40
178 3183 264 3242 rium.
298 3180 413 3241 Hcrbae
436 3180 575 3261 polygoni
598 3198 706 3241 corona
726 3181 816 3260 capiti
834 3182 961 3258 inposita
980 3180 1104 3240 naribus
1122 3199 1190 3259 pro-

251 3317 432 3386 1333331333.
533 3321 567 3370 14
584 3315 683 3386 argila.
773 3319 807 3367 1⁷
825 3312 959 3368 induitur.
1037 3313 1188 3368 33331333

176 3389 217 3458 ta]
236 3387 373 3444 adiutabo.
442 3394 476 3444 26
495 3387 597 3442 matrix
614 3387 728 3456 scripsi:
751 3384 856 3440 matris.
925 3390 959 3438 29
983 3401 1050 3438 vero
1068 3383 1188 3438 ferreum

178 3460 299 3513 candens
319 3460 479 3514 0333331333.
552 3465 586 3513 30
606 3457 766 3513 olefactata.
