2564 3794
547 119 789 185 -138-

158 292 188 344 et
210 281 316 360 pollice
340 300 464 360 granum
488 281 605 342 vulsum
634 283 677 342 sic
701 281 942 362 transgluttierit,
971 289 1004 342 ut
1032 280 1174 342 dentibus

104 385 139 434 aa
158 390 217 431 non
247 373 407 449 contingat.
450 370 574 431 Stercus
602 368 779 431 caballinum
807 388 912 431 recens
940 368 1061 448 colliges
1085 377 1116 429 et
1141 371 1173 430 in

158 460 246 520 iurno
270 459 434 538 calefacies,
457 467 529 520 tune
552 459 650 519 oleum
674 458 771 520 medio
796 461 886 537 capiti
908 458 1048 518 infundes
1067 465 1173 518 contra

157 565 243 608 uvam
273 555 303 608 et
330 550 374 608 sic
402 558 519 608 stercus
546 547 766 626 praedictum'
758 565 790 607 ιιι
817 565 914 625 panno
943 547 1026 606 vel
1018 564 1048 606 ιιι
1079 545 1173 606 linteo

103 650 139 699 54
158 639 254 715 spisso
274 639 364 715 capiti
383 619 601 715 superligabis
593 653 624 695 m
638 644 766 696 noctem.
798 634 952 696 Frumenti
970 652 1060 714 grana
1080 651 1203 712 supero

157 724 333 786 candentem
356 724 486 828 tegulam
508 742 602 804 pones
626 731 656 791 ct
679 724 835 804 disperges
858 742 892 784 ea
915 731 1036 783 etcum
1061 722 1174 783 videris

157 832 192 873 ex
216 813 263 874 his
286 832 421 874 umorem
442 817 559 892 nigrum
580 815 670 892 exire,
693 813 730 872 de
749 811 894 873 cocleario
914 811 1034 889 colliges
1053 821 1083 872 et
1102 810 1173 871 sub-

103 916 137 965 to
156 902 225 962 inde
244 921 317 963 uvae
337 902 477 982 adpones,
496 904 595 962 statim
614 901 801 962 remediabis.
834 900 879 960 Ad
893 900 993 960 fauces
1014 908 1044 959 et
1062 901 1172 959 arteria

156 991 297 1069 impedita
321 991 487 1051 remedium
510 990 583 1050 utile
613 992 669 1051 sie:
707 989 794 1050 Croci
821 989 957 1067 dragmas
979 987 1056 1067 vili,
1085 987 1172 1048 nardi

156 1077 237 1156 drag.
261 1078 300 1158 11,
329 1079 571 1139 schoenuantbus
599 1075 679 1156 drag.
708 1077 733 1159 1,
761 1077 850 1138 amuli
879 1073 959 1156 drag.
983 1075 996 1135 l
1020 1076 1053 1149 S,
1084 1094 1171 1136 rosae
1187 1094 1217 1134 ro

156 1168 277 1226 seminis
301 1163 381 1244 drag.
401 1167 428 1245 l,
451 1165 547 1226 mellis
570 1167 662 1226 Attici
684 1166 823 1245 cyathum
847 1183 940 1226 unum
964 1183 1032 1224 cum
1056 1166 1170 1225 tenuis-

157 1255 231 1312 simo
259 1252 381 1330 pulvere
409 1256 578 1332 specierum
606 1272 696 1333 supra
724 1254 870 1315 dictarum
898 1252 1038 1314 miscebis
1066 1261 1097 1312 et
1120 1252 1171 1313 de·

103 1355 138 1405 aa
157 1359 268 1419 coques
292 1343 423 1402 tenuiter
447 1341 535 1401 etad
559 1344 786 1420 perunctionem
810 1342 939 1402 saucium
966 1343 1069 1401 uteris.
1111 1340 1171 1402 Lac

156 1427 301 1490 bubulum
325 1448 431 1490 reeens
454 1429 584 1490 mulsum
607 1438 637 1490 et
659 1430 739 1490 lento
763 1432 832 1508 igne
853 1429 1027 1490 calefactum
1047 1429 1171 1508 gargali·

156 1527 314 1597 natumque
333 1520 441 1579 arteria
456 1520 617 1578 constricta
636 1520 735 1579 infuso
754 1525 870 1579 catarro
890 1519 1216 1596 etiaucesexaspe-15

157 1617 236 1667 ratas
259 1610 401 1685 pristinae
425 1609 544 1668 sanitati
567 1609 705 1668 restituta
728 1616 875 1686 persanat.

102 1709 137 1759 57
247 1695 324 1756 Uvae
352 1696 464 1757 dolenti
492 1704 522 1756 et
545 1695 706 1758 destillanti
729 1696 977 1757 medicamentum
1001 1704 1172 1775 praesenta-

156 1804 247 1846 neum
266 1787 322 1847 sic:
342 1784 440 1845 Gallae
460 1785 543 1846 ruiae
562 1788 753 1866 semunciam,
773 1785 911 1846 aluminis
926 1786 1012 1844 scissi
1028 1776 1067 1869 ,β
1083 1783 1171 1865 Vllll,

156 1892 272 1954 myrrae
301 1875 513 1953 pinguissimae
542 1866 581 1960 79«
606 1873 696 1954 Vllll‚
724 1872 904 1935 cubicularis
931 1871 1042 1932 herbae
1070 1872 1171 1933 aridae

157 1981 248 2040 super
262 1963 402 2023 mundam
418 1962 546 2042 tegulam
562 1963 733 2024 combustae
749 1964 858 2023 cineris
873 1963 1064 2022 semunciam,
1089 1961 1170 2022 Haec
1185 1980 1214 2022 ao

156 2053 255 2112 omnia
277 2054 308 2110 in
332 2053 539 2112 tenuissimum
564 2052 716 2130 pulverem
739 2051 858 2111 redacta
882 2058 912 2110 et
935 2052 966 2109 in
990 2067 1085 2110 unum
1103 2069 1171 2128 per-

156 2142 247 2200 mixta
271 2147 428 2199 servantur
451 2158 520 2199 vaso
540 2142 634 2200 vitreo
653 2151 684 2200 et
702 2158 756 2218 per
774 2139 908 2200 triduum
927 2137 1061 2199 cocleare
1081 2141 1169 2198 semi-

157 2227 277 2304 plenum
300 2229 400 2288 ieiuno
425 2235 455 2288 et
473 2227 550 2288 bene
569 2227 684 2306 digesto
703 2231 781 2288 iutra
799 2245 833 2287 os
852 2229 1005 2308 inseritur,
1028 2235 1063 2287 ut
1082 2245 1169 2287 uvam

102 2327 137 2375 58
157 2318 308 2393 contingat
331 2323 362 2376 et
383 2314 496 2376 inlinat.
536 2315 707 2377 Causticum
730 2316 766 2376 ad
790 2334 876 2376 uvam
894 2318 1015 2395 penitus
1034 2317 1169 2376 minuen-

156 2403 223 2462 dam
246 2403 293 2462 vel
316 2404 547 2464 consumendam
571 2407 627 2466 sie:
659 2404 794 2465 Feniculi
816 2401 897 2482 drag.
921 2404 947 2484 1,
973 2403 1062 2464 caleis
1085 2405 1168 2466 vivae
1183 2422 1212 2464 aa

156 2487 236 2569 drag.
255 2490 277 2571 l,
300 2491 438 2551 alrouitri
460 2489 539 2572 drag.
559 2493 603 2574 it,
626 2493 794 2554 chalcanthi
817 2489 897 2574 drag.
916 2493 955 2572 ll,
978 2495 1009 2553 iu
1033 2489 1114 2570 drag.
1133 2492 1168 2552 ll.

156 2578 286 2640 Contusa
308 2579 382 2639 haec
410 2588 440 2640 et
467 2583 498 2640 iu
521 2581 674 2659 pulverem
697 2582 816 2643 redacta
839 2584 987 2660 permisce
1010 2589 1041 2640 et
1064 2579 1169 2658 subige

156 2685 223 2727 cum
248 2669 349 2728 cinere
372 2667 453 2728 lixivi
474 2669 594 2730 liculnei
612 2679 643 2730 et
661 2673 770 2748 inpone
791 2673 912 2750 siceum,
935 2673 976 2730 ita
996 2677 1030 2729 ut
1047 2669 1169 2729 haereat

101 2768 136 2818 59
155 2775 229 2816 uvae
258 2756 304 2816 vel
331 2756 475 2818 saucibus.
522 2757 630 2818 Raucis
658 2768 688 2818 et
715 2759 868 2837 gravedini
895 2761 976 2819 vocis
1005 2757 1168 2836 plurimum

155 2845 278 2923 prodest
296 2845 529 2928 tragacantbum,
550 2849 575 2906 si
594 2846 650 2907 sub
668 2846 768 2926 lingua
783 2847 834 2908 diu
853 2856 999 2926 teneatur,
1018 2856 1069 2907 aut
1082 2849 1169 2925 piper
1183 2864 1212 2904 oo

101 2945 136 2993 so
156 2942 186 2993 et
204 2932 345 3012 paulatim
364 2933 462 3011 saliva,
486 2953 561 3014 quae
581 2935 703 2996 collecta
725 2937 824 3016 luerit,
848 2936 1013 2996 sorbeatur.
1049 2934 1169 2996 llaucus

155 3024 181 3082 si
204 3041 257 3082 ova
280 3023 396 3082 incocta
420 3026 551 3084 recentia
575 3023 690 3104 singula
712 3043 767 3104 per
790 3025 924 3086 triduum
951 3025 1070 3084 ieiunus
1095 3023 1168 3083 bau-

227 3193 357 3274 laic]
335 3212 367 3250 si.
457 3195 636 3264 ipraedum.
718 3196 907 3250 thumorem.
998 3191 1168 3248 Samariam

153 3263 320 3334 impeditam
340 3266 499 3321 Ooruarius
574 3274 607 3322 10
625 3265 822 3338 seynuanihos.
898 3271 930 3319 ta
949 3265 1081 3320 arteriam
1102 3280 1167 3320 con-

154 3337 281 3391 strictam
297 3336 457 3393 Carnarius.
514 3336 659 3393 confricta.
715 3343 750 3392 20
764 3337 936 3392 combustae.
992 3343 1025 3390 26
1044 3335 1169 3390 afroditi.

153 3407 942 3480 rut=t0msctpaui0ntaasabige1sub'1gna
1015 3412 1049 3461 29
1068 3423 1169 3476 grave-

154 3475 226 3532 dine.
300 3486 333 3535 30
353 3481 522 3552 traganium.
595 3482 714 3536 tenetur.
