2540 3802
541 173 577 183 -
626 137 778 202 208—

152 309 305 381 ponuntur
329 299 376 360 vel
394 302 494 360 ieiuno
513 299 613 377 tepida
632 317 686 377 per
705 297 838 359 cocleare
858 297 975 358 dantur.
1008 296 1094 358 Facit
1113 297 1170 358 hoc

153 390 337 450 medicamen
360 388 396 448 ad
420 406 523 448 omues
546 387 690 448 stomachi
713 386 872 447 molestias.

101 492 134 541 aa
242 479 287 538 hd
315 476 447 538 dolorem
476 475 621 536 stomachi
644 476 689 535 vel
712 484 861 536 tumorem
883 475 929 534 vel
951 477 1102 535 viscerum
1127 477 1171 535 in·

154 569 324 628 firmitatem
353 566 518 626 remedium
547 567 603 625 sic:
641 564 712 625 Suci
740 582 776 623 ex
803 562 959 624 abseuthio
987 561 1018 623 θ
1038 564 1065 645 Ι,
1094 567 1174 624 aceti

155 659 260 735 optimi
282 653 314 716 §a
333 655 355 736 1,
379 655 435 716 olei
459 654 556 714 mollis
576 651 606 714 θ
626 653 647 732 Ι,
671 671 758 713 cerae
776 652 917 712 Ponticae
941 651 1047 712 libram
1071 669 1198 733 unam,a

154 745 301 806 medullae
320 746 455 804 cervinae
477 777 515 785 —
532 741 593 802 llll.
628 741 707 802 Haec
725 741 806 802 lento
825 743 894 818 igne
909 741 1058 820 decoquas
1075 761 1173 821 usque

155 835 191 894 ad
215 851 386 894 mensuram
410 833 545 910 sextarii3
569 831 675 890 exinde
699 830 824 890 linteum
848 830 974 890 densum
997 832 1119 909 tingues
1144 841 1175 891 et

155 932 271 983 mature
301 924 332 982 in
364 922 442 981 lecto
470 919 636 981 visceribus
669 919 799 998 adpones
830 919 975 980 utendum
1005 921 1036 978 in
1066 920 1176 980 horam

155 1011 324 1072 secundam.

103 1111 136 1160 97
246 1098 398 1158 Confectio
423 1096 564 1176 oxymelis
586 1096 633 1156 dia
653 1095 751 1156 scilliu
769 1095 806 1155 ad
826 1095 972 1156 stomachi
990 1114 1094 1156 causas
1115 1099 1175 1158 sic:
1191 1111 1217 1150 1⁰

157 1186 263 1246 Scillae
286 1185 392 1244 libram
416 1187 601 1244 comminues
625 1184 662 1244 de
686 1183 780 1244 astula
803 1183 900 1262 lignea
923 1193 1009 1246 acuta
1035 1187 1176 1246 minutis-

157 1276 240 1334 simis
264 1273 398 1352 partibus
422 1281 452 1332 et
475 1272 673 1351 superfundes
697 1271 757 1332 illic
781 1291 874 1351 aquae
900 1274 1010 1334 nitidae
1034 1274 1177 1335 fontanae

157 1360 188 1422 8
208 1361 248 1420 ΙΙΙ
276 1379 309 1420 ac
338 1361 386 1420 die
414 1367 476 1420 tota
504 1368 534 1420 et
561 1368 648 1420 nocte
672 1369 828 1438 copertum
852 1380 914 1442 vas,
940 1365 972 1422 in
995 1363 1074 1441 quod
1098 1362 1176 1423 haec

156 1451 289 1529 miseris,
318 1467 384 1510 esse
412 1451 582 1529 permittes3
613 1449 669 1509 alia
697 1449 744 1510 die
773 1451 802 1510 in
832 1449 888 1510 olla
915 1451 984 1511 rudi
1011 1469 1079 1512 cum
1108 1453 1176 1530 ipsa

158 1539 241 1600 scilla
259 1537 413 1598 defervere
432 1531 523 1598 facies
542 1538 622 1598 lento
641 1541 704 1616 igni
722 1557 818 1617 usque
837 1539 873 1598 ad
893 1541 1054 1600 sextarium
1070 1553 1214 1620 aquae,1⁵

156 1637 221 1689 tum
244 1628 336 1688 linteo
360 1627 454 1688 nitido
476 1629 624 1706 exprimes
644 1627 756 1687 scillam
776 1629 880 1708 ipsam,
903 1635 937 1688 ut
956 1631 1103 1688 sextarius
1124 1629 1176 1689 ille

158 1717 281 1796 deiluat,
314 1717 424 1778 adicies
456 1715 526 1776 huic
557 1718 685 1776 sextario
714 1717 791 1776 aceti
819 1717 923 1795 optimi
951 1718 1115 1777 sextarium
1146 1727 1177 1778 et

158 1806 254 1866 mellis
273 1807 378 1884 optimi
397 1805 564 1884 despumati
583 1805 614 1864 P.
629 1805 656 1864 ll
677 1813 707 1864 et
727 1822 848 1864 rursum
867 1807 897 1863 in
917 1805 1019 1865 eadem
1039 1805 1095 1865 olla
1116 1807 1177 1866 fer-

157 1913 228 1954 vere
242 1891 376 1974 (facies)
391 1912 487 1972 usque
502 1894 538 1953 ad
553 1896 728 1973 sextarium3
747 1901 811 1954 tum
830 1893 975 1954 recondes
994 1896 1026 1953 in
1045 1895 1178 1971 ampulla

158 1982 251 2043 nitida
275 1991 306 2042 et
328 1985 476 2060 signatum
500 1981 624 2042 habebis
648 1990 677 2042 et
701 2000 768 2041 cum
793 1983 1008 2060 inparationem
1027 1984 1216 2044 stomachico

160 2073 300 2152 senseris,
323 2071 460 2131 cocliaria
484 2070 598 2149 singula
622 2071 708 2147 plena
732 2069 878 2148 tepefacta
897 2072 1016 2131 ieiunus
1035 2074 1179 2150 accipies,

107 2173 140 2221 98
249 2158 291 2218 Ad
312 2158 457 2219 stomachi
475 2157 608 2217 dolorem
627 2160 790 2219 remedium
815 2158 972 2237 physicum
995 2161 1051 2220 sic:
1075 2161 1110 2220 ln
1135 2161 1178 2222 la-

160 2248 228 2327 pide
247 2247 360 2324 iaspide
380 2245 503 2324 exculpe
523 2246 681 2306 draconem
701 2247 855 2326 radiatum,
878 2255 911 2308 ut
930 2247 1036 2309 habeat
1058 2257 1178 2328 septem

160 2335 268 2414 radioS,
293 2344 322 2394 et
345 2335 448 2395 claude
472 2352 545 2393 auro
569 2343 599 2396 et
623 2343 707 2395 utere
731 2339 762 2396 in
785 2335 868 2395 collo.

107 2437 140 2485 99
249 2423 481 2501 Epithematium
501 2422 537 2482 ad
557 2423 741 2484 stomachum
760 2425 995 2486 confirmandum
1010 2427 1066 2494 sic:
1086 2425 1177 2486 Aloes
1194 2439 1220 2480 as

164 2543 201 2554 —
218 2510 268 2592 ΙΙΙ,
292 2513 369 2570 turis
389 2509 513 2571 masculi
534 2512 624 2592 -ΙΙ,
647 2515 778 2573 masticis
798 2513 880 2573 albae
900 2516 1090 2594 semunciam,
1115 2522 1176 2575 sto-

161 2601 239 2659 racis
263 2632 304 2642 -
325 2599 359 2678 ll,
384 2602 465 2660 croci
492 2632 530 2641 —-
551 2599 608 2681 lS,
631 2601 756 2661 meliloti
780 2605 971 2683 semunciam,
994 2621 1078 2662 cerae
1098 2602 1176 2663 Pon·

161 2690 237 2748 ticae
266 2688 423 2748 ueletiam
449 2689 532 2750 rufae
559 2722 596 2730 —
618 2688 685 2768 llll,
713 2691 799 2751 nardi
822 2724 865 2734 —
884 2691 933 2771 Vl,
962 2694 1008 2751 ius
1037 2690 1178 2752 abseuthi

161 2776 278 2836 Pontici
298 2810 338 2819 —
354 2776 374 2836 l.
410 2777 489 2837 Haec
513 2779 610 2838 omnia
636 2781 795 2857 separatim
819 2788 906 2840 tunsa
925 2787 954 2839 et
973 2779 1101 2839 cribrata
1120 2783 1176 2839 mi-

162 2873 285 2926 scentur
313 2873 343 2924 et
371 2875 542 2944 coquuntur
569 2875 599 2925 ct
625 2866 810 2928 inducuntur
838 2870 869 2928 in
896 2887 994 2946 panno
1020 2876 1109 2947 atque
1133 2870 1177 2929 ita
1193 2883 1223 2924 ao

162 2962 277 3014 mature
302 2955 452 3014 stomacho
476 2955 673 3034 adponuntur.

111 3056 161 3104 100
251 3043 296 3102 Ad
321 3043 516 3122 digestionem
535 3044 694 3123 parandam
714 3046 850 3123 quisquis
870 3045 1014 3105 sollicitus
1033 3046 1091 3104 erit
1109 3062 1176 3104 aco·

162 3150 230 3193 rum
244 3134 363 3193 ieiunus
378 3133 603 3193 commanducct
618 3140 647 3192 et
662 3135 760 3214 iactet,
772 3134 901 3194 radicem
915 3151 1034 3212 quoque
1046 3151 1178 3194 amaram

163 3229 192 3282 et
211 3221 332 3282 inlotam
352 3223 471 3282 ieiunus
485 3221 711 3282 commanducct
725 3241 841 3282 necnon
856 3223 957 3283 anethi
972 3239 1073 3282 semen
1086 3224 1177 3282 etiam

253 3427 459 3492 3infirmitate.
520 3433 554 3482 20
568 3427 752 3497 inparatione.
799 3432 833 3480 26
848 3426 993 3480 storaohis.
1044 3431 1077 3481 27
1096 3425 1178 3480 meli·

163 3495 231 3552 doti.
305 3499 482 3568 aequisque.
557 3505 589 3552 33
610 3499 831 3564 cummanducel,
853 3499 915 3552 item
935 3502 978 3552 34.
