2636 3790
519 169 735 234 ,31-

119 341 259 395 teruntur
283 340 313 393 et
332 333 450 393 taurino
470 331 576 410 glutini
596 334 840 392 commiscentur:
863 342 962 392 cetera
980 331 1016 392 ad
1033 333 1131 410 ignem

117 422 271 503 liquldate,
285 421 356 482 dum
371 419 477 500 calent,
492 438 582 500 supra
597 423 717 499 seriptis
731 420 940 481 admiscentur.
963 419 1044 490 Quae
1055 420 1131 482 bene

118 512 242 573 abacta
264 528 354 571 mauu
377 519 579 589 reponuntur3
607 525 676 570 cum
699 528 773 589 opus
796 509 901 589 luerit,
923 509 1040 588 pondus
1062 510 1131 570 inde

117 601 234 661 denarii
249 600 378 659 sumitur
393 609 422 658 et
437 597 563 658 dilutum
578 605 664 658 aceto
677 605 766 678 etque
778 615 845 658 rosa
856 599 946 676 oepiti
955 597 1131 680 infunditur,

91 689 170 750 esed
192 687 298 748 melius
317 687 388 747 iacit
406 687 463 746 hoc
483 686 730 748 medicamentum
750 685 871 748 linteolo
889 686 1046 746 inductum
1064 704 1131 747 raso

116 779 209 858 capiti
231 777 403 856 inpositum.
439 775 483 835 Ad
504 777 611 855 eapitis
633 775 765 836 dolorem
789 777 854 836 sine
872 774 949 835 febri
967 774 1043 834 bene
1062 776 1132 836 lacit
1150 785 1183 834 tt

116 867 152 927 dc
177 867 384 944 experimento
407 866 513 942 eapitis
536 867 665 945 curatio,
689 883 782 944 aquae
806 865 932 944 potatio,
961 862 1020 922 cibi
1043 862 1131 923 absti-

115 956 233 1032 nentia,
259 955 372 1014 ventris
401 951 524 1034 soluti03
552 953 604 1014 sed
632 959 698 1014 tum
724 955 813 1014 etiam
840 970 908 1013 rosa
935 959 1024 1030 atque
1048 960 1131 1012 aceto

115 1042 285 1105 cerandum
307 1048 406 1121 ceput.
441 1041 568 1102 Prodest
591 1044 679 1102 etiam
698 1044 836 1122 pituitam
854 1041 1010 1102 detrahere
1029 1042 1132 1120 senapi

79 1153 102 1192 so
116 1140 169 1194 aut
206 1131 318 1211 hysopo
352 1148 388 1190 ex
421 1147 508 1208 pesse
539 1130 677 1212 decocto,
706 1133 779 1192 item
806 1129 916 1192 herbae
944 1128 1131 1209 peduclariae

115 1221 246 1300 semine,
275 1237 362 1298 quem
391 1217 497 1280 Graeci
524 1218 660 1298 staphide
687 1222 788 1299 agrian
817 1227 934 1298 vocant,
962 1221 1034 1279 trito
1062 1235 1130 1280 eum

114 1312 223 1390 pipere
254 1316 285 1368 et
314 1307 401 1368 melle
434 1307 500 1368 oleo
532 1308 662 1369 admixto
696 1317 748 1370 aut
773 1311 867 1388 ipsius
895 1307 1006 1368 herbae
1039 1307 1130 1386 pedu·

114 1399 207 1460 claris
231 1399 344 1457 semiue
367 1415 422 1476 per
445 1415 477 1456 se
504 1396 590 1457 melle
618 1397 757 1461 admixto.
807 1397 1003 1458 Permanente
1031 1403 1130 1457 autem
1149 1396 1183 1448 28

114 1488 235 1548 diutino
258 1487 364 1564 capitis
387 1485 489 1546 dolore
512 1497 640 1565 prosunt
663 1489 691 1547 ei
713 1486 885 1548 huiusmodi
907 1487 1130 1565 perunctiones:

75 1596 99 1637 15
113 1577 196 1638 liuta
220 1593 289 1636 cum
312 1582 395 1634 aceto
419 1582 450 1635 et
472 1573 536 1635 oleo
560 1574 710 1656 calefacto,
733 1575 819 1636 iridis
841 1575 925 1635 radix
948 1591 1017 1634 cum
1038 1581 1131 1653 aceto,

114 1665 218 1726 salicis
247 1662 314 1724 lolia
342 1665 412 1723 trita
440 1681 476 1723 ex
505 1681 594 1745 aqrre,
622 1664 786 1742 serpullum
814 1665 918 1724 tritum
947 1671 977 1722 et
1005 1663 1130 1722 interve·

112 1755 230 1815 lactum
255 1770 321 1812 cum
346 1751 411 1812 oleo
431 1759 576 1832 elecem,
605 1753 794 1832 milelolium,
818 1751 897 1830 quod
921 1750 1027 1810 Graeci
1048 1749 1131 1828 poly-

112 1859 217 1922 gonon
241 1839 403 1921 appellant,
431 1859 499 1902 oum
522 1849 591 1902 ruta
614 1843 717 1902 tritum
741 1840 870 1901 admixto
898 1845 982 1900 aceto
1008 1844 1038 1898 et
1056 1837 1130 1918 oleo,

112 1948 213 1992 nuces
242 1945 357 1990 amarae
384 1937 526 2008 purgatae
554 1932 641 1990 tritae
670 1947 738 1990 cum
767 1937 850 1988 aceto
874 1936 904 1989 et
926 1925 1006 2006 oleo,
1034 1927 1075 1988 ita
1097 1935 1132 1988 ut

73 2039 98 2080 ao
112 2021 192 2080 haee
220 2018 373 2079 interdum
400 2018 481 2079 velut
508 2026 643 2080 cerotum
666 2035 734 2079 oum
757 2017 848 2078 linteo
872 2015 963 2076 ironti
990 2017 1132 2093 inponan-

112 2117 180 2190 tur3
207 2106 344 2168 similiter
367 2107 490 2186 prodest
513 2117 543 2168 et
566 2115 633 2168 ruta
657 2107 788 2168 silvatica
811 2108 881 2167 trita
905 2123 974 2164 cum
997 2112 1080 2164 aceto
1101 2111 1132 2165 et

113 2197 182 2258 oleo
203 2199 289 2274 quasi
307 2204 442 2257 cerotum
466 2197 557 2256 fronti
577 2198 765 2275 superposita
786 2202 837 2256 ant
860 2196 928 2273 agni
952 2191 1010 2254 albi
1028 2211 1131 2254 semen

113 2305 150 2347 ex
186 2303 278 2364 posca
309 2287 414 2346 tritum
447 2292 498 2346 aut
525 2287 654 2345 ocimum
682 2285 775 2349 viride
804 2284 849 2344 rel
877 2300 979 2344 semen
1007 2284 1071 2343 eius
1095 2301 1132 2343 ex

113 2392 192 2454 apua
218 2375 323 2434 tritum
343 2381 372 2434 et
391 2375 554 2452 inpositum
578 2381 629 2434 aut
651 2373 778 2434 hederae
802 2373 884 2434 albae
903 2372 971 2432 folia
990 2378 1131 2452 quattuor

75 2492 98 2534 25
113 2481 186 2524 cum
211 2479 287 2540 aqua
310 2462 405 2524 mulsa
429 2470 479 2523 aut
502 2464 553 2543 git,
577 2463 657 2542 quod
681 2462 786 2523 Graeci
811 2461 993 2522 melanthion
1016 2468 1131 2543 vocant,

113 2552 225 2613 eodem
248 2551 337 2612 modo
361 2551 453 2610 fronti
472 2553 634 2630 inpositum
658 2559 710 2611 aut
732 2551 854 2612 naribus
877 2552 1020 2610 iniectum
1043 2549 1131 2628 prod-

113 2650 169 2702 est.
227 2639 271 2700 Ad
308 2639 451 2700 torridam
486 2648 516 2700 et
550 2642 740 2701 constrictam
778 2647 876 2701 eutem
913 2640 1018 2718 capitis
1055 2637 1131 2698 bene
1150 2641 1184 2690 29

113 2731 188 2791 lacit
221 2737 390 2790 castoreum
422 2736 453 2788 et
483 2726 646 2789 balsamum
682 2736 711 2790 et
745 2729 949 2808 peucedanum
981 2729 1132 2788 incoctum

113 2836 253 2880 seorsum
281 2821 312 2878 in
340 2836 408 2877 vaso
437 2835 505 2877 eum
533 2823 616 2878 aceto
641 2825 671 2878 et
694 2836 761 2878 cum
785 2817 849 2877 oleo
873 2818 964 2896 capiti
986 2817 1127 2878 inlusum.

74 2907 244 2976 seFaciuut
271 2907 360 2967 etiam
387 2906 557 2966 huiusmodi
583 2907 796 2968 medicamenta
821 2907 909 2984 capiti
934 2907 1130 2984 superposita,
1149 2919 1183 2969 30

113 3013 193 3074 quae
218 2993 324 3055 Graeci
351 2994 558 3072 cataplasmata
586 2995 702 3056 dieunt:
735 2995 822 3056 lridis
850 2994 959 3054 radicis
988 3002 1129 3054 contusae

114 3082 200 3144 tivi
223 3091 254 3144 et
277 3083 418 3162 pusillum
441 3101 526 3144 rosae
550 3083 698 3145 silvaticae
720 3085 843 3146 seminis
862 3101 931 3143 cum
950 3082 1043 3143 lerina
1061 3082 1129 3143 hor·-

114 3173 212 3233 diacia
232 3179 316 3232 cocta
335 3180 386 3232 aut
405 3171 526 3232 feniculi
544 3173 660 3234 radices
680 3173 816 3233 similiter
835 3179 936 3233 coctae
954 3190 1022 3232 cum
1038 3171 1131 3231 lerina

114 3260 279 3321 hordiacia.
323 3261 450 3321 Prodest
478 3263 564 3320 etiam
593 3262 629 3322 ad
657 3264 765 3322 nimios
793 3261 910 3322 dolores
934 3262 1039 3339 cepitis
1062 3277 1130 3319 con·
1150 3283 1184 3331 31

78 3375 102 3416 es
116 3351 235 3411 strictio
264 3351 328 3409 eius
356 3366 410 3426 per
438 3349 588 3410 fasciolam
616 3369 676 3410 non
699 3353 823 3411 nimium
846 3350 947 3429 latam,
975 3351 1015 3408 ita
1039 3355 1073 3407 ut
1097 3364 1130 3405 ea

190 3474 205 3522 1
226 3465 451 3523 commiscentur.
503 3469 659 3539 teuretio]
680 3468 789 3523 derceio
810 3467 968 3523 Ooruorius.
1011 3462 1130 3534 putatio.

119 3537 263 3610 12pipire.
303 3538 365 3593 oleo
381 3541 410 3593 et
423 3537 520 3594 mixto.
557 3539 695 3608 hehegni.
733 3538 903 3593 320rdietie.
942 3535 1130 3590 eaordoceee.
