2540 3802
523 135 766 199 -214-

85 311 134 359 119
225 295 270 355 td
293 295 437 356 stomachi
459 295 592 355 dolorem
610 297 772 357 arcendum
792 313 890 375 cymas
910 297 1028 373 senapis
1048 295 1158 356 viridis

138 403 174 444 ex
203 402 278 462 aqua
306 383 463 463 diligenter
491 402 602 463 coques
630 387 661 444 in
690 384 746 444 olla
773 402 848 444 nova
879 401 988 462 easque
1016 383 1157 444 conditas

138 472 202 532 olco
226 479 257 532 et
279 472 440 552 liquamine
464 473 669 554 manducabis3
693 491 763 533 sane
783 471 915 550 observa,
938 479 973 532 ut
997 471 1157 550 paululum

85 575 135 622 120
144 560 212 620 salis
232 563 340 642 mittas,
359 561 431 621 dum
449 569 629 642 coquuntur,
647 569 772 640 propter
786 559 932 622 bromum.
961 559 1028 638 Mel,
1042 568 1155 640 rutam,

138 652 301 730 cyminum,
329 653 415 729 piper
443 650 531 710 simul
559 659 622 710 tere
650 657 680 710 et
705 658 791 710 utere
815 668 868 729 pro
892 667 1020 728 oxygaro
1045 649 1082 708 ad
1106 652 1184 711 ime

84 738 304 799 ttthibendum
328 737 473 798 stomachi
496 738 636 798 dolorem.
680 738 811 817 Papauer
834 745 967 798 nostrate
986 755 1054 798 cum
1074 737 1155 798 lacte

137 845 191 888 suo
220 826 308 887 simul
337 827 485 906 decoques
513 829 545 887 in
573 845 648 906 aqua
677 835 707 887 et
733 829 827 905 ipsam
855 845 962 904 aquam
992 825 1155 904 diligenter

84 915 266 976 torcolatam
294 916 474 979 stomachico
503 933 572 975 cum
600 915 686 976 melle
714 915 812 976 Attico
842 917 928 993 potui
955 913 1047 974 dabis.
1093 913 1154 974 lris

136 1011 241 1064 tunsae
260 1003 417 1084 heminam,
436 1006 538 1083 cyperi
556 1006 638 1064 tunsi
657 1004 805 1064 heminam
824 1006 855 1063 in
874 1005 935 1062 vini
949 1003 1066 1062 Aminei
1086 1021 1153 1062 sex·

135 1095 243 1152 tarium
266 1092 419 1170 infundes,
447 1101 481 1152 ut
505 1111 562 1152 una
586 1100 673 1152 noete
697 1100 899 1173 macerentur,
927 1091 1034 1152 deinde
1057 1091 1153 1151 addes
1170 1113 1199 1152 1o

135 1181 251 1238 resinae
270 1179 488 1239 terebinthinae
507 1213 552 1221 -
566 1179 653 1260 Vllll,
674 1199 759 1240 cerae
782 1179 885 1260 -ΙΙΙ,
910 1199 984 1259 quas
1003 1198 1071 1239 cum
1091 1178 1154 1240 olei

136 1269 251 1344 cyprini
279 1265 387 1326 selibra
415 1267 600 1347 liquelacies3
629 1269 735 1328 deinde
764 1267 852 1328 simul
879 1271 978 1329 omnia
1007 1267 1153 1328 miscebis

136 1361 166 1413 et
189 1353 325 1414 manibus
349 1354 469 1433 subigas
487 1363 576 1434 atque
596 1355 778 1433 malagmatis
796 1373 878 1416 more
898 1357 1050 1418 stomacho
1069 1355 1152 1416 labo·

83 1443 218 1502 lueranti
240 1443 379 1521 adpones.
426 1443 543 1523 Geram,
567 1444 683 1522 adipem
707 1447 874 1504 anserinam
900 1454 931 1505 et
953 1445 1094 1524 butyrum
1118 1446 1152 1504 in

136 1549 167 1591 se
196 1531 330 1610 decoque
358 1539 388 1592 et
415 1534 447 1608 in
469 1549 567 1610 panno
591 1535 674 1592 tenui
697 1533 848 1593 stomacho
873 1533 1000 1594 calidum
1024 1533 1151 1614 adpone,
1167 1551 1194 1594 15

84 1620 298 1681 tucconlestim
326 1620 422 1680 dolori
446 1621 590 1682 stomachi
613 1621 779 1682 subvenies.
826 1621 995 1682 Peucedani
1017 1621 1152 1682 radicem

136 1711 294 1769 contritam
323 1727 358 1768 ex
387 1711 454 1770 vino
483 1713 534 1788 qui
562 1711 735 1788 frequenter
762 1709 884 1790 biberit,
918 1729 974 1770 nec
1003 1709 1153 1770 stomachi

83 1797 273 1858 125dolorem
296 1817 351 1858 neo
374 1799 524 1876 pulmonis
547 1798 728 1860 inflationem
751 1802 889 1878 patietur.
930 1799 1005 1859 Item
1029 1798 1064 1858 ad
1089 1806 1152 1858 sto·

134 1886 233 1947 machi
256 1886 398 1947 dolorem'
412 1889 523 1966 persici
545 1887 613 1947 lolia
637 1887 742 1947 viridia
769 1894 849 1947 teres
875 1895 997 1947 etcum
1021 1888 1152 1964 axungia

133 1983 234 2035 vetere
253 1984 378 2054 purgata
393 1975 514 2054 subiges
528 1983 617 2054 atque
631 1978 662 2034 in
677 1993 773 2054 panno
789 1976 825 2035 ad
840 1974 1025 2036 stomachum
1040 1993 1152 2056 pones3
1167 1995 1195 2034 ao

133 2063 213 2124 idem
232 2071 363 2142 praestat
381 2073 587 2144 mentastrum,
606 2063 684 2142 quod
707 2081 797 2144 supra
810 2065 891 2142 ripas
905 2066 1047 2144 nascitur,
1067 2065 1151 2123 simi·

133 2152 202 2213 liter
225 2155 406 2231 impositum.

82 2250 133 2302 126
224 2240 405 2320 Oxyporium
425 2239 571 2318 cydonite,
591 2239 669 2317 quod
688 2241 759 2300 facit
776 2239 811 2299 ad
832 2238 1016 2300 stomachum
1036 2248 1066 2298 et
1084 2247 1150 2299 tus·

135 2345 212 2408 sem,
240 2329 506 2406 empneurnatosim
533 2345 652 2406 quoque
681 2328 768 2388 solvit
795 2337 825 2388 et
848 2328 1043 2407 digestionem
1067 2329 1150 2387 citis-

132 2417 208 2476 sime
236 2423 380 2494 praestat,
408 2416 565 2475 coniicitur
593 2417 650 2476 sic:
691 2415 827 2496 Cydonea
858 2424 972 2476 matura
1004 2415 1150 2493 purgabis
1165 2435 1196 2476 25

131 2503 246 2564 deforis
274 2513 304 2563 et
332 2503 451 2564 deintus
479 2511 509 2564 et
536 2503 675 2582 pensabis
703 2505 739 2564 ad
766 2505 864 2583 pondo
893 2507 949 2564 tria
976 2522 1150 2582 coqucsque

132 2611 171 2651 ex
193 2590 289 2652 mulso
313 2591 425 2651 inolla
448 2592 517 2652 rudi
540 2599 570 2652 et
591 2611 659 2652 cum
678 2592 790 2653 luerint
809 2602 901 2673 cocta,
925 2594 1015 2652 eicies
1034 2593 1071 2653 de
1091 2591 1150 2652 olla

131 2683 165 2739 in
189 2681 320 2740 catinum
344 2678 390 2738 vel
414 2683 599 2761 mortarium,
623 2680 774 2758 separabis
798 2681 905 2741 deinde
928 2699 1033 2741 sucum
1052 2679 1147 2760 illum,

136 2786 225 2848 quem
249 2774 371 2828 excocta
395 2768 573 2850 dimiserint;
600 2777 703 2846 postea
726 2771 861 2830 remittes
883 2769 1014 2848 cydonea
1032 2771 1097 2846 ipsa
1116 2771 1149 2828 in

135 2856 222 2917 ollam
250 2865 280 2916 et
307 2864 379 2916 tunc
408 2856 497 2916 addes
525 2857 569 2916 ibi
596 2859 673 2917 aceti
700 2858 798 2935 pondo
823 2858 895 2939 duo,
923 2856 1019 2917 mellis
1043 2859 1193 2935 optimieo

134 2944 233 3023 pondo
257 2946 323 3024 tria,
346 2945 415 3005 mali
438 2947 553 3023 granati
576 2947 711 3023 expressi
729 2948 891 3006 sextarium
910 2964 1013 3025 unum,
1036 2963 1150 3024 coques

134 3040 237 3111 postea
261 3031 341 3092 lento
360 3035 429 3116 igni,
453 3033 547 3094 donec
566 3051 660 3094 unum
679 3052 788 3113 corpus
808 3035 859 3094 fiat
878 3041 907 3094 et
925 3033 1033 3094 habeat
1051 3034 1150 3094 mellis

135 3122 373 3202 spissitudincm3
400 3131 503 3202 postea
531 3129 629 3182 autem
657 3121 798 3182 refundes
820 3121 893 3183 illud
917 3124 949 3182 in
972 3124 1151 3183 mortarium

135 3217 165 3270 et
183 3217 263 3270 teres
283 3210 459 3290 diutissime,
478 3211 573 3270 donec
590 3212 686 3270 omnis
701 3211 810 3270 duritia
825 3209 1012 3288 dissolvatur,
1031 3219 1062 3270 et
1077 3211 1150 3272 dum

224 3417 446 3485 tquoquuniur.
502 3415 728 3471 diabibendum.
786 3413 960 3467 eamminei.
1016 3419 1050 3468 23
1071 3413 1150 3468 cido-

132 3482 203 3538 nite.
276 3493 311 3542 24
330 3488 580 3557 empneumetieen.
653 3491 687 3541 29
708 3483 877 3538 demiserint.
