2540 3802
504 155 744 221 -195-

136 391 139 394 ¹
201 317 338 379 Puleium
362 319 468 378 tritum
492 316 538 378 rel
561 319 592 376 in
615 334 691 395 aqua
714 326 894 378 maceratum
916 319 1031 379 adiecto
1051 319 1128 380 aceti
1147 333 1182 382 20

8 449 9 488 Ξ
111 407 234 488 paululo
259 415 289 468 et
312 414 415 486 potum
439 423 579 466 nauseam
598 405 743 466 stomachi
763 406 854 467 sedat.
890 405 1038 486 Thymbra
1057 410 1128 470 trita
1147 421 1180 469 21

8 501 9 558 Ξ
112 515 182 557 cum
206 495 293 556 melle
318 503 434 574 sumpta
457 497 594 573 pituitam
618 500 788 554 concretam
811 497 842 554 in
866 503 987 572 pectore
1015 506 1046 556 et
1069 504 1127 557 sto-

8 587 9 600 *
111 585 211 646 machi
230 583 422 645 collectiones
441 590 593 663 extenuat3
615 581 802 644 marrubium
821 600 941 662 quoque
959 585 1063 645 tritum
1082 585 1128 646 rel

83 691 205 734 ssucus
233 676 297 733 eius
326 691 393 732 curn
422 671 507 732 melle
536 679 642 750 epotus
666 670 811 731 stomachi
834 671 967 732 dolorem
990 676 1127 751 protinus

110 761 199 823 tollit.
247 761 363 822 Scordii
385 779 476 821 sucus
499 760 534 820 ad
558 778 729 820 mensuram
757 760 872 820 denarii
897 768 986 838 potus
1010 779 1127 822 morsus
1146 775 1180 824 22

112 849 260 911 stomachi
291 849 380 930 tollit3
412 849 499 908 datur
530 851 609 908 enim
641 851 705 908 sine
737 848 821 909 febre
848 848 1058 927 languentibus
1091 867 1127 910 ex

110 939 219 1018 mulso,
242 937 481 998 febricitantibus
504 955 574 997 vero
598 955 633 997 ex
658 955 733 1015 aqua
757 937 860 998 mulsa.
902 937 1006 998 Polion
1024 937 1126 1018 herba,
1145 951 1179 1001 23

111 1045 189 1107 quae
212 1045 228 1086 a
253 1026 429 1105 quibusdam
447 1026 586 1086 libanotis
605 1025 779 1106 appellatur,
798 1028 868 1087 trita
887 1026 933 1086 vel
952 1045 1043 1087 sucus
1062 1029 1127 1087 eius

68 1135 96 1176 1o
111 1134 181 1177 cum
206 1115 292 1175 melle
315 1118 412 1195 tenui,
434 1115 465 1175 id
488 1123 534 1175 est
558 1115 687 1195 modico,
709 1123 799 1194 potus
822 1117 936 1176 morsui
960 1120 1071 1176 ventris
1096 1124 1126 1176 et

110 1203 302 1266 stomachicis
336 1202 466 1283 prodest.
512 1202 694 1264 Centaureae
726 1205 826 1264 tenuis
859 1221 950 1265 sucus
983 1213 1126 1283 quantum
1146 1218 1180 1266 24

110 1296 192 1354 cicer
217 1310 253 1352 ex
276 1309 352 1370 aqua
376 1293 463 1353 datus
486 1291 674 1352 stomachicis
697 1292 830 1370 prodest.
867 1292 1030 1372 Origanum
1054 1311 1125 1372 quo·

8 1441 9 1446 ,
111 1400 170 1460 que
193 1383 299 1440 tritum
323 1398 440 1441 morsus
464 1379 609 1440 stomachi
631 1381 714 1440 sedat
736 1390 840 1458 potum
864 1399 900 1441 ex
920 1400 994 1461 aqua
1014 1382 1126 1462 tepida3

111 1468 241 1530 extrahit
264 1471 344 1529 enim
367 1476 523 1530 concretos
546 1468 687 1548 liquores.
719 1467 850 1531 Prosunt
873 1473 961 1530 etiam
981 1471 1125 1549 quaedam
1144 1483 1178 1534 25

68 1577 95 1618 15
110 1562 141 1619 in
166 1575 241 1636 aqua
265 1565 411 1618 macerata
430 1557 590 1637 stomacho,
615 1563 649 1618 ul
667 1559 739 1637 pira,
762 1558 837 1618 mala
857 1559 989 1639 cydonia,
1011 1559 1125 1638 palmae
1187 1555 1190 1560 ’

110 1649 241 1708 cariotae
265 1645 442 1726 Thebaicae,
465 1645 603 1724 mespila,
627 1646 757 1724 capreoli
780 1647 816 1706 de
841 1649 911 1726 rite,
939 1665 1023 1708 rosae
1048 1647 1126 1728 lolia,

109 1753 272 1814 granorum
290 1735 398 1795 Punici
415 1734 486 1794 mali
509 1753 607 1794 sucus
641 1734 722 1794 Bene
745 1735 816 1795 facit
839 1737 928 1795 ctiam
952 1753 1043 1796 sucus
1066 1753 1126 1796 ma·

108 1823 208 1884 lorum
232 1823 432 1902 cydoneorum
460 1841 570 1901 perse
595 1823 739 1884 cocleario
764 1831 900 1903 sumptus
924 1823 971 1883 vel
994 1843 1063 1884 cum
1085 1824 1125 1884 al·

108 1913 193 1992 phita
216 1919 268 1971 aut
290 1912 362 1972 alica
386 1919 438 1972 aut
460 1918 544 1989 trago
568 1919 619 1971 aut
642 1929 736 1991 oryza.

67 2019 95 2060 co
201 2000 336 2061 Solutum
356 2007 455 2062 autem
474 1999 659 2060 stomachum
679 2008 708 2060 et
727 2002 825 2060 omnia
846 2001 1019 2060 reicientem
1038 2003 1124 2060 initio
1145 2014 1178 2064 26

110 2089 233 2169 quidem
260 2091 360 2150 curari
388 2097 505 2170 oportet
532 2096 629 2168 extra,
657 2089 687 2148 id
716 2097 761 2149 est
784 2091 965 2169 lorinsecus,
996 2091 1125 2166 inposita

8 2187 9 2212 ³
110 2181 139 2238 ei
158 2176 271 2238 sertula
285 2177 431 2257 Campana
450 2184 533 2260 cocta
553 2195 587 2237 ex
607 2179 675 2238 vino
694 2184 795 2238 vetere
815 2187 866 2238 aut
885 2196 919 2238 ex
935 2195 1011 2256 aqua
1029 2177 1125 2238 mulsa

109 2265 157 2327 vel
175 2273 290 2346 myrteo
309 2265 373 2326 oleo
393 2268 463 2327 trita
481 2284 549 2326 cum
568 2274 651 2326 aceto
671 2273 701 2326 et
719 2283 818 2345 myrra
836 2283 891 2327 nec
910 2269 1009 2326 minus
1029 2264 1125 2326 lanam

111 2355 246 2416 sucidam
273 2353 318 2414 vel
346 2357 499 2434 spongiam
526 2362 611 2414 aceto
640 2356 796 2414 intinctam
824 2363 854 2415 et
882 2372 1052 2434 expressam
1076 2354 1124 2415 ad·

69 2455 96 2497 ²⁵
110 2446 184 2523 poni
211 2451 336 2522 oportet.
383 2443 507 2503 Faciunt
535 2441 611 2502 bene
639 2453 668 2502 et
695 2442 764 2503 folia
792 2446 860 2504 vitis
889 2445 958 2504 trita
992 2452 1021 2504 et
1049 2443 1123 2504 mala
1187 2505 1190 2516 ,

111 2532 236 2612 cydonia
263 2533 334 2592 trita
361 2540 391 2591 et
418 2529 563 2610 palmulae
591 2533 678 2592 tritae
706 2539 736 2591 et
764 2531 915 2610 emplastri
945 2549 1026 2591 more
1055 2549 1124 2592 eum

111 2628 213 2682 ceroto
237 2639 273 2680 ex
297 2627 410 2699 myrteo
433 2619 498 2680 oleo
522 2619 599 2679 lacto
622 2622 760 2698 imposita
784 2627 813 2680 et
836 2621 904 2680 solia
927 2628 1030 2681 tenera
1054 2619 1123 2679 rubi

110 2709 158 2770 vel
181 2710 299 2770 lentisci
321 2709 368 2769 vel
390 2708 560 2788 portulacae
584 2716 635 2768 aut
657 2709 731 2767 aizoi
755 2725 823 2768 cum
846 2709 965 2788 polenta
989 2727 1024 2768 ex
1048 2726 1123 2787 aqua

110 2799 219 2877 frigida
238 2816 396 2877 consparsa
415 2799 553 2876 imposita
571 2805 706 2874 prosunt.
739 2795 901 2858 Fricandae
920 2804 1019 2858 autem
1034 2809 1124 2856 erunt

69 2887 166 2948 sobac
190 2887 378 2948 difficultates
402 2885 545 2946 stomachi
572 2903 628 2944 nec
650 2885 750 2945 minus
774 2885 910 2964 scapulae
933 2885 998 2945 oleo
1021 2891 1123 2944 vetere

110 2976 157 3036 rel
176 2974 348 3054 aliquolibet
367 2975 553 3036 calefactorio
572 2981 734 3052 unguento.
758 2973 846 3034 Cihos
865 2992 934 3034 vero
954 2973 1018 3033 dari
1037 2991 1123 3052 opor·

110 3072 154 3126 tet
173 3063 358 3125 huiusmodi:
380 3063 530 3143 polentam
548 3080 616 3123 eum
635 3080 722 3142 passo
741 3059 883 3142 protropo
903 3060 948 3122 vel
967 3080 1035 3122 cum
1054 3063 1122 3119 vino

110 3152 236 3214 Falerno
265 3152 344 3214 dulci
371 3151 417 3212 vel
444 3151 603 3212 Faustiano
632 3158 721 3231 atque
749 3150 806 3212 alio
835 3150 967 3211 eiusdem
991 3150 1123 3227 generis,

8 3305 9 3322 ,
110 3244 182 3304 item
214 3240 386 3302 lenticulam
414 3259 482 3301 cum
510 3238 578 3300 beta
605 3239 651 3299 vel
678 3257 765 3318 oryza
792 3241 918 3300 incoctis
949 3235 1010 3297 illic
1038 3235 1123 3295 malis

200 3453 233 3503 31
253 3447 429 3502 caccabulis
448 3446 531 3502 Cibos
551 3461 617 3500 vero
636 3446 719 3500 codem
736 3458 836 3498 rursus
853 3441 960 3511 incipit.
1023 3445 1057 3495 33
1076 3440 1124 3495 vel

111 3517 274 3589 Faustiano]
294 3517 346 3574 clo.
367 3517 515 3572 aubioano.

910 3599 964 3655 la‘
