2528 3814
487 147 727 212 -311-

93 313 204 372 ieiuno
223 329 277 390 per
295 310 428 372 triduum
443 308 536 390 dabis,
555 310 716 370 efficaciter
730 308 905 388 proderunt.
934 310 1115 389 Sanguinem
1133 323 1169 372 33

93 399 249 479 anguillae
277 418 345 460 cum
369 396 484 459 rubello
507 400 575 458 rino
600 397 712 476 duplici
735 416 875 460 mensura
898 401 1061 478 coniungas
1085 408 1116 462 et

95 507 138 548 ex
162 507 239 568 aqua
262 488 362 567 tepida
384 489 510 548 mixtum
532 487 625 548 colico
645 489 745 548 ieiuno
764 487 848 548 dabis
866 486 1039 569 bibendum,
1062 489 1116 550 sed

11 631 12 634 ,
95 576 159 638 sub
184 576 285 638 dolore
309 577 374 637 dari
396 585 526 656 oportet;
550 594 618 638 nam
642 584 672 637 et
695 593 836 655 praesens
855 575 1021 636 remedium
1039 577 1117 638 feret

11 693 13 720 ι
66 674 132 727 oet
157 669 190 727 in
214 667 348 728 luturum
371 664 476 726 morbo
499 665 672 726 huiusmodi
693 663 840 725 liberabit.

194 754 227 815 Si
245 755 387 816 adversus
406 753 504 814 colum
523 755 587 814 viro
606 753 770 814 remedium
787 771 862 833 opus
877 755 943 834 erit,
962 753 999 814 de
1014 755 1116 836 ariete,
1135 765 1171 816 34

11 813 13 902 l
98 863 194 923 quem
227 842 316 923 lupus
349 843 506 923 occiderit,
539 842 690 903 fasciolam
717 860 794 946 puer
821 842 942 921 inpubis
972 842 1060 904 faciat
1087 853 1118 905 ct

11 905 13 1028 j
97 933 172 993 inde
200 934 297 993 virum
325 932 361 992 ad
389 950 499 1017 corpus
527 934 673 1011 accingat3
701 933 728 992 si
755 949 825 992 vero
853 931 973 992 mulieri
998 932 1118 992 meden-

11 1031 13 1054 ‘
99 1021 175 1083 dum
199 1023 270 1101 crit,
299 1020 437 1081 similitor
460 1020 497 1080 de
521 1039 588 1100 ove,
616 1038 705 1099 quam
727 1019 816 1098 lupus
840 1020 996 1100 occiderit,
1019 1019 1118 1098 puella

55 1128 84 1168 ro
100 1113 187 1188 virgo
211 1109 364 1188 cingulum
387 1109 475 1170 saciat
502 1116 532 1170 ct
554 1107 710 1170 mulierem
733 1110 813 1169 circa
836 1127 945 1190 corpus
969 1110 1116 1191 accingat,

11 1239 13 1272 r
99 1199 265 1260 efficaciter
287 1197 420 1276 prodest.

11 1275 14 1290 ’
192 1286 302 1366 Lepori
328 1288 394 1347 vivo
423 1285 516 1346 talum
548 1284 704 1346 abstrahes
733 1285 868 1366 pilosque
899 1287 963 1346 eius
994 1285 1030 1346 de
1060 1285 1117 1347 sub
1136 1298 1171 1349 33

100 1383 207 1436 ventre
235 1375 321 1437 tolles
349 1383 437 1454 atque
466 1376 565 1453 ipsum
592 1377 691 1435 vivum
719 1375 865 1457 dimittes3
897 1375 933 1435 de
961 1374 1020 1436 illis
1049 1374 1117 1454 pilis

101 1464 150 1524 vel
172 1464 238 1524 lana
261 1464 343 1524 filum
366 1463 495 1524 validum
518 1464 609 1523 lacies
633 1471 663 1523 et
686 1481 722 1523 ex
746 1482 781 1524 eo
804 1464 897 1525 talum
917 1463 1028 1542 leporis
1047 1482 1117 1524 con·

60 1569 87 1610 15
101 1551 210 1630 ligabis
228 1570 397 1630 corpusque
416 1550 578 1612 laborantis
597 1554 780 1632 praecinges,
798 1555 875 1612 miro
894 1552 1027 1612 remedio
1049 1551 1118 1612 sub-

102 1643 213 1701 venies,
250 1638 408 1700 Ellicacius
432 1647 531 1700 tamen
554 1641 612 1699 erit
634 1640 808 1720 remedium,
831 1643 871 1700 ita
890 1648 924 1701 ut
941 1639 1118 1701 incredibile

104 1732 157 1812 sit,
185 1731 212 1789 si
240 1746 311 1788 casu
339 1747 372 1788 os
399 1730 511 1808 ipsum,
539 1727 570 1788 id
593 1736 639 1788 est
662 1727 754 1788 talum
777 1727 901 1810 leporis,
928 1731 960 1789 in
984 1737 1117 1790 stercore

104 1819 168 1898 lupi
194 1818 357 1898 inveneris,
385 1816 464 1894 quod
492 1817 533 1878 ita
561 1816 712 1876 custodire
740 1816 844 1897 debes,
872 1835 909 1878 ue
932 1825 984 1878 aut
1006 1826 1119 1878 terram

104 1915 206 1984 tangat
229 1912 280 1967 aut
303 1923 319 1966 a
342 1905 467 1965 muliere
491 1906 694 1984 contingatur3
723 1904 775 1965 sed
798 1923 854 1966 nec
877 1905 960 1966 filum
983 1904 1057 1967 illud
1080 1906 1117 1967 de

64 2013 91 2054 ao
106 1995 171 2056 lana
198 1994 309 2074 leporis
337 1994 448 2054 lactum
479 1991 568 2054 debet
597 1992 705 2054 mulier
737 1992 795 2054 ulla
825 1996 1007 2073 contingere.
1054 1995 1118 2056 Hoc

106 2091 204 2144 autem
232 2083 397 2144 remedium
425 2101 493 2143 cum
517 2083 569 2142 uni
591 2083 751 2162 proluerit,
777 2082 814 2142 ad
837 2083 910 2144 alios
933 2082 1118 2164 translatum,

106 2192 174 2233 cum
198 2172 327 2233 volueris
346 2179 378 2231 ct
396 2173 535 2250 quotiens
554 2170 691 2250 volueris,
715 2171 862 2252 proderit,
885 2171 968 2232 filum
989 2189 1118 2254 quoqne,

107 2261 185 2340 quod
218 2280 254 2322 cx
282 2260 348 2320 lana
374 2260 421 2320 vel
451 2260 532 2339 pilis,
565 2276 639 2337 quos
667 2259 704 2320 do
732 2268 835 2320 ventre
865 2259 975 2339 leporis
1003 2260 1118 2342 tuleris,

108 2349 187 2410 solus
210 2367 305 2428 purus
329 2356 359 2409 et
377 2348 491 2410 nitidus
510 2348 614 2428 lacies;
639 2348 718 2428 quod
738 2350 763 2409 si
781 2350 822 2409 ita
841 2350 939 2410 ventri
957 2348 1119 2412 laborantis

68 2454 94 2494 as
109 2438 314 2518 subligaveris,
341 2437 504 2516 plurimum
526 2436 675 2516 proderit,
703 2445 737 2498 ut
760 2436 875 2498 sublata
898 2437 963 2497 lana
985 2437 1119 2518 leporem

13 2579 14 2602 ,
108 2529 204 2588 vivum
223 2527 356 2587 dimittas
375 2534 406 2588 et
425 2526 506 2586 dicas
525 2527 562 2604 ei,
585 2525 656 2585 dum
676 2525 800 2586 dimittis
820 2544 902 2587 eum:
925 2525 1015 2607 Fuge,
1039 2527 1118 2608 luge,

108 2615 266 2696 lepusculo,
293 2623 323 2676 et
345 2623 445 2676 tecum
468 2615 553 2675 auler
576 2613 635 2675 coli
657 2613 798 2675 dolorem.

14 2771 15 2780 ,
193 2702 320 2764 Euforbi
346 2703 497 2782 dragmam
526 2702 643 2781 rediges
671 2705 701 2763 iu
730 2705 938 2764 tenuissimum
964 2703 1118 2782 pulverem
1137 2717 1172 2766 33

14 2799 15 2880 p
109 2800 138 2852 et
164 2810 199 2852 ex
228 2811 263 2852 eo
291 2801 391 2871 partes
419 2791 492 2852 duas
520 2791 624 2872 facies,
657 2809 747 2852 urnam
779 2810 846 2853 oum
875 2810 930 2852 ovo
958 2793 1118 2854 semicocto

15 2925 16 2954 ,
72 2899 98 2938 so
111 2882 206 2941 ieiuno
226 2879 318 2941 colico
338 2880 430 2960 dabis,
449 2879 571 2940 alteram
591 2882 680 2941 tertio
700 2880 748 2941 die
767 2881 904 2942 similiter
919 2881 1024 2962 facies3
1043 2882 1118 2941 mire

111 2989 143 3031 ac
165 2971 229 3030 sine
253 2970 432 3047 repetitione
455 2967 627 3029 emendabis
651 2969 708 3030 coli
731 2969 872 3030 dolorem.

195 3057 367 3137 Conpositio
391 3056 502 3118 colicae
524 3059 679 3135 primaria:
701 3057 793 3120 Nardi
816 3059 887 3138 lolii,
911 3060 1010 3137 spicae
1034 3057 1120 3118 nardi
1137 3069 1172 3119 37

112 3147 213 3228 Indici,
237 3147 358 3226 amomi,
380 3148 494 3225 piperis
517 3145 589 3226 albi,
615 3148 700 3227 costi,
723 3149 886 3226 papaveris,
909 3146 998 3206 lentis
1022 3145 1119 3224 Syria·

17 3242 19 3255 ¹
112 3255 160 3296 cae
173 3238 277 3298 uncias
291 3234 432 3317 singulas,
450 3253 576 3316 myrrae,
595 3234 763 3314 zingiberis,
780 3238 857 3296 asari
871 3233 987 3295 Pontici
1002 3251 1120 3296 semun-

195 3377 295 3426 2oom
313 3369 430 3426 robello.
489 3370 638 3440 loportib.
695 3369 869 3425 bliberauit.
926 3375 958 3424 13
979 3367 1119 3425 domities.

116 3447 145 3496 18
166 3440 277 3496 debis„
364 3447 399 3496 24
421 3441 551 3497 nititidus
575 3443 646 3511 (sic).
763 3447 796 3496 26
821 3439 951 3512 dimittis]
981 3438 1120 3497 dimittas.

114 3519 144 3566 32
161 3513 229 3568 folia
248 3513 408 3570 Gorooriuc.
