2564 3794
548 139 786 204 &160—

160 304 334 381 priusquam
353 302 514 362 dormitum
534 309 589 381 eat,
608 303 749 362 tussienti
766 303 823 361 tria
838 302 982 380 catapotia
997 300 1173 382 devoranda,

161 390 191 451 id
215 398 262 450 est
282 390 538 470 transgluttienda,
561 390 639 469 dato,
663 408 754 468 super
773 408 849 469 quac
868 397 931 450 tres
949 407 1042 468 aquae
1061 388 1173 450 calidae

160 479 283 558 cyathos
306 479 451 558 potandos
474 479 596 559 adicito;
624 479 681 539 hoe
708 479 841 539 remedio
865 487 1011 539 nocturna
1033 479 1111 538 tussi
1134 477 1174 538 la·

108 580 142 630 28
162 567 316 629 borantem
335 571 394 630 cito
408 567 558 629 liberabis.
584 566 749 628 Ventriculi
763 566 917 647 gallinacei
930 565 1175 641 membranulam,

160 676 219 736 qua
248 657 352 718 sordes
380 656 540 736 aqualiculi
567 658 771 736 continentur,
800 655 959 716 arefactam
986 657 1076 716 terito
1109 653 1203 715 dili-s

161 755 265 824 genter
289 753 320 806 et
342 765 410 807 cum
434 747 502 806 vino
524 746 610 824 potui
636 745 718 825 dato,
746 744 877 805 umidam
905 752 1019 804 tussam
1047 743 1175 805 sedabis.

107 853 141 901 29
249 835 375 896 Tussem
404 835 537 913 quamvis
564 851 684 913 gravem
713 835 858 893 maiorum
885 841 958 893 natu
986 833 1063 893 intra
1087 833 1174 912 quin·

162 942 219 1002 que
244 924 316 1003 dies,
339 923 530 1003 parvulorum
554 923 644 983 etiam
666 925 745 983 intra
768 922 901 982 triduum
923 929 1016 1002 sanat,
1039 923 1092 1000 qui
1114 919 1175 981 sul·

161 1014 245 1091 puris
268 1013 346 1092 triti,
372 1021 516 1090 qnantum
543 1010 641 1072 tribus
669 1011 770 1090 digitis
793 1028 900 1089 capere
923 1017 1036 1089 potest,
1062 1011 1094 1070 in
1118 1028 1175 1069 ovo

162 1103 322 1160 semicooto
343 1099 447 1160 sorbili
465 1117 519 1179 por
537 1099 671 1160 triduum
690 1101 790 1159 ieiuno
810 1107 861 1160 aut
882 1116 937 1177 per
956 1100 1089 1176 quinque
1109 1097 1175 1158 dies
1191 1116 1218 1156 ro

108 1205 143 1254 30
162 1187 286 1248 dederit.
321 1185 497 1266 Hyoscpami
517 1219 557 1230 -
573 1186 595 1266 l,
614 1186 746 1266 sulpuris
765 1190 957 1268 semunciam,
980 1186 1057 1248 tellis
1075 1193 1176 1247 terrae

164 1307 201 1320 -
219 1274 241 1354 l,
260 1277 373 1354 piperis
394 1309 432 1320 -
449 1275 471 1355 l,
494 1277 649 1353 gentianae
668 1307 711 1318 —
725 1274 748 1355 l,
771 1277 833 1353 opii
851 1267 891 1361 ,Q
906 1274 928 1354 l,
946 1275 1081 1337 marrubi
1096 1308 1135 1318 -
1152 1275 1176 1356 l,

160 1362 257 1424 mellis
281 1364 450 1442 despumati
472 1370 615 1442 quantum
639 1363 768 1424 suitlciat
792 1364 993 1442 supradictis
1016 1362 1176 1443 speciebus

160 1454 240 1512 tritis
268 1451 466 1531 cribratisque
497 1450 636 1512 miscebis
664 1470 698 1512 ac
725 1451 830 1512 leviter
859 1452 1023 1534 decoques3
1050 1452 1120 1513 inde
1149 1455 1177 1512 si
1258 1491 1263 1498 -

161 1542 229 1619 quis
256 1542 333 1602 tussi
360 1543 489 1620 graviter
518 1539 750 1621 conllictabitur,
783 1539 933 1620 pastillum
961 1541 997 1601 ad
1027 1542 1217 1620 maguitu·1a

161 1629 261 1690 dinem
280 1629 363 1691 labae
381 1631 501 1690 ieiunus
519 1647 605 1689 mane
624 1629 742 1690 hauriat
764 1638 794 1690 et
817 1631 848 1689 in
866 1637 985 1690 noctem
1004 1647 1073 1690 eum
1091 1629 1178 1690 calda

162 1737 237 1798 aqua
264 1718 355 1780 alium
382 1717 533 1798 pastillum
562 1717 656 1799 bibat3
685 1717 797 1778 bonum
822 1717 906 1778 valde
929 1725 960 1778 et
982 1717 1056 1779 utile
1080 1737 1177 1779 reme-

161 1806 242 1868 dium
266 1809 446 1886 experietur.

109 1909 142 1958 31
251 1895 357 1957 Scillae
380 1895 504 1958 bulbum
528 1913 622 1956 unum
645 1903 804 1974 purgatum
828 1893 926 1955 tribus
949 1894 1117 1956 fervoribus
1142 1896 1177 1956 in

161 2003 237 2064 aqua
260 1985 410 2065 decoques
439 1993 469 2046 et
496 2003 532 2045 ex
560 2002 595 2044 eo
624 1984 702 2062 quod
731 1984 822 2044 luerit
845 1983 1041 2044 tenerrimum
1064 2001 1176 2064 sumes,
1193 2003 1218 2043 so

161 2073 191 2133 id
215 2081 262 2134 est
286 2106 324 2117 —
355 2072 421 2155 llll,
449 2074 570 2152 panacis
598 2081 628 2132 et
655 2074 709 2132 iris
734 2071 867 2150 illyricae
895 2069 976 2150 drag.
1005 2079 1175 2152 quaternas,

161 2164 337 2222 ammoniaci
358 2193 395 2205 -
412 2161 448 2222 ll.
480 2160 560 2221 llaec
584 2163 682 2221 omnia
700 2159 858 2238 diligenter
877 2168 966 2242 teres,
990 2161 1041 2221 sed
1061 2160 1175 2222 scillam

162 2267 298 2310 seorsum
321 2248 508 2330 confricabis,
527 2257 591 2308 tum
610 2250 707 2311 omnia
727 2249 892 2310 confundes
911 2256 941 2309 et
954 2248 1050 2309 mellis
1069 2251 1176 2328 optimi

162 2337 329 2415 despumati
352 2337 387 2397 ad
411 2337 609 2416 colligendum
632 2339 780 2398 inunum
804 2337 987 2398 medicamen
1011 2337 1090 2417 quod
1112 2337 1173 2398 sul-

161 2425 242 2485 deiat
264 2427 365 2485 mittes
388 2433 476 2504 atque
499 2425 568 2486 inde
592 2425 738 2486 laboranti
760 2443 814 2505 per
837 2425 970 2487 cocleare
993 2425 1040 2486 bis
1058 2425 1104 2486 vel
1123 2434 1170 2486 ter
1187 2444 1216 2485 aa

162 2511 267 2573 diebus
291 2512 416 2592 singulis
439 2512 535 2592 dabis3
558 2517 637 2574 intra
660 2515 724 2575 dies
748 2511 863 2593 sep'tem
886 2517 975 2575 etiam
999 2517 1174 2593 sanguinem

161 2609 350 2662 excreantem
374 2609 404 2661 et
427 2609 559 2663 vetustae
578 2604 671 2664 tussis
694 2602 828 2662 molestia
851 2602 1004 2684 liberabis,
1027 2603 1098 2663 dum
1122 2613 1176 2664 aut

162 2689 302 2750 deorsum
325 2697 470 2769 purgatur
494 2698 545 2751 aut
567 2709 622 2770 per
644 2693 788 2751 vomitum
815 2693 940 2770 pituitae
963 2694 1089 2752 interius
1113 2691 1174 2752 col-

108 2791 143 2839 32
161 2777 256 2838 lectae
282 2797 370 2840 umor
397 2779 567 2840 effunditur.
608 2778 690 2840 Folia
712 2780 797 2859 ulmi,
822 2798 897 2858 quae
921 2782 1066 2841 orientem
1089 2798 1174 2857 spec-

161 2875 234 2947 tant,
257 2885 326 2928 cum
348 2868 460 2946 piperis
483 2869 583 2947 granis
606 2867 739 2947 totidem,
762 2868 814 2928 sed
833 2871 939 2949 impari
958 2886 1082 2930 numero
1102 2869 1172 2928 trita
1188 2885 1218 2926 eo

162 2963 192 3015 et
211 2974 280 3015 cum
298 2955 422 3016 Falerno
442 2959 509 3017 vino
529 2975 544 3017 a
563 2959 662 3017 ieiuno
683 2963 799 3036 sumpta
814 2960 902 3018 etiam
916 2957 1090 3037 purulentas
1109 2963 1173 3018 tus·

108 3057 142 3106 33
162 3061 210 3104 scs
224 3052 363 3124 potenter
377 3045 543 3106 emendant.
574 3044 649 3106 Salis
668 3053 810 3125 quantum
829 3048 907 3107 intra
928 3046 1054 3126 palmam
1069 3054 1174 3107 tenere

161 3140 261 3212 potest
278 3135 331 3213 qui
348 3137 456 3195 tussiet
473 3137 504 3195 in
522 3135 675 3214 potionem
694 3151 831 3194 cervesae
852 3143 903 3195 aut
917 3138 1013 3196 curmi
1027 3137 1126 3196 mittat
1143 3143 1175 3196 et

161 3221 290 3284 calidum
308 3222 397 3305 bibat,
416 3242 485 3284 cum
503 3224 665 3285 dormitum
684 3223 772 3303 vadit,
790 3241 888 3302 neque
903 3233 1006 3302 postea
1024 3223 1172 3302 loquatur,

231 3431 408 3486 tliberauis.
469 3437 501 3485 1'1
521 3430 605 3503 oque]
626 3447 718 3499 qnam.
777 3434 811 3482 2⁷
830 3427 973 3482 libemuis.
1027 3433 1062 3482 ³8
1084 3428 1173 3483 cerui-

161 3515 209 3554 see
229 3500 388 3558 Oomurius.
456 3507 491 3556 34
508 3502 647 3572 loquetur.
