2564 3794
550 122 791 188 -152-

59 299 62 305 ·
170 286 326 346 confestim
354 286 389 346 ad
418 287 517 347 focum
545 286 684 347 adcurrat
711 293 741 347 et
768 287 904 347 titionem
932 293 1047 367 verset,
1076 287 1120 347 ita
1150 295 1184 347 ut

164 392 234 453 pars
253 377 328 453 eius,
347 392 422 454 quae
442 374 572 453 ardebat,
590 375 758 436 forinsecus
776 377 913 456 emineat,
934 374 983 435 illa
1000 393 1086 456 vero,
1107 393 1184 454 quae

165 465 228 542 igni
251 463 379 544 carebat,
401 463 535 524 flammae
560 465 724 545 inseratur3
748 471 925 524 convertens
947 482 1017 524 rero
1042 465 1185 527 titionem

164 559 211 612 ter
235 552 316 613 dices
339 553 464 613 remedii
486 555 579 630 gratia
603 559 632 612 te
656 553 768 628 facere,
791 552 921 613 utillud
945 551 1023 632 quod
1048 552 1185 614 haeserit

164 642 196 701 in
219 641 355 702 faucibus
378 643 439 702 tuis
461 639 508 701 vel
530 641 626 722 illins,
654 659 743 719 quem
770 643 889 720 peperit
915 641 978 722 illa,
1003 641 1073 701 sine
1097 653 1209 701 morab

165 737 195 790 et
217 730 352 791 molestia
375 731 529 791 eximatur.
575 729 638 790 Hoc
664 731 743 790 inter
765 731 931 790 certissima
954 729 1090 790 remedia
1115 729 1183 790 sub-

110 827 302 880 104nototum
326 826 379 878 est.
426 817 524 879 Herba
552 817 717 898 appellatur
744 820 981 898 rincapervinca,
1010 837 1047 878 ex
1074 837 1136 898 qua
1159 819 1184 877 si

163 907 264 969 fauces
283 906 458 986 obligaveris
477 907 637 968 dormitum
657 909 756 968 euntis
775 909 849 988 eius,
870 908 919 967 cui
937 906 1049 986 aliquid
1070 907 1121 968 his
1140 908 1184 966 in-

110 995 310 1076 loahacserit,
338 1014 423 1055 mane
451 1014 542 1056 sanus
565 1005 734 1074 consurget.
780 995 898 1075 Omnia,
926 1013 1001 1074 quae
1024 995 1185 1056 haeserint

164 1083 315 1164 faucibus,
342 1083 399 1143 hoc
427 1102 546 1144 carmen
576 1083 716 1163 expellet:
753 1083 858 1144 Hellen
885 1087 1061 1162 prosaggcri
1096 1094 1223 1144 vome10

165 1175 192 1232 si
214 1172 291 1250 polla
319 1171 451 1231 nabuliet
478 1171 618 1232 onodieni
645 1172 715 1232 iden
743 1172 842 1232 eliton.
889 1171 952 1232 Hoc
975 1180 1022 1232 ter
1041 1173 1130 1234 dices
1154 1179 1184 1231 et

111 1258 205 1321 1oead
229 1258 344 1336 singula
364 1276 484 1336 expnes.
521 1259 594 1319 ltem
614 1259 724 1340 fauces,
748 1259 857 1338 quibus
876 1261 986 1339 aliquid
1005 1261 1184 1340 inhaeserit,

164 1346 332 1407 confricans
361 1347 457 1408 dices:
502 1344 541 1406 lli
572 1350 751 1408 exuericone
773 1365 813 1408 xu
844 1348 1051 1426 criglionalsus
1081 1351 1184 1410 serisu

163 1435 305 1496 miovelor
328 1436 433 1514 exugri
456 1453 571 1496 conexu
594 1434 698 1514 grilau.

109 1535 161 1584 101
253 1522 285 1584 Si
313 1523 348 1584 de
378 1526 460 1603 pisce
489 1541 522 1584 os
555 1523 691 1584 faucibus
723 1523 867 1606 haeserit,
897 1527 1012 1603 spinam
1047 1526 1183 1586 mediam
1197 1533 1222 1574 1⁵

162 1611 297 1673 eiusdem
320 1614 412 1691 piscis
435 1613 581 1690 infringes
605 1622 636 1674 et
658 1612 786 1692 aliquam
811 1621 925 1692 partem
954 1633 990 1674 ex
1013 1633 1047 1675 ea
1070 1613 1185 1693 pollice

164 1710 195 1762 et
217 1701 386 1762 medicinali
409 1701 501 1780 digito
525 1719 616 1781 super
638 1705 782 1762 verticem
805 1704 878 1782 eius,
902 1703 951 1762 cui
975 1720 1008 1762 os
1027 1703 1075 1762 rel
1095 1704 1184 1782 spina

162 1789 311 1868 haerebit,
334 1790 478 1870 adpones,
507 1790 560 1850 sed
584 1789 687 1850 utilius
711 1792 783 1870 erit,
807 1793 833 1850 si
855 1792 1000 1851 nescienti
1023 1790 1053 1850 id
1079 1792 1184 1851 facias.

111 1879 209 1943 loaAd
233 1897 266 1938 os
290 1881 353 1939 sire
376 1879 446 1958 quid
470 1877 550 1939 aliud
570 1877 700 1939 haeserit
722 1878 860 1939 faucibus
882 1879 914 1938 bi
937 1896 1042 1939 versus
1066 1880 1115 1940 rel
1138 1879 1182 1938 di·

164 1967 252 2028 cendi
279 1970 311 2028 in
339 1985 442 2028 aurem
470 1969 549 2046 eius,
582 1969 634 2046 qui
666 1966 854 2048 offocabitur,
882 1965 928 2027 vcl
960 1967 1114 2028 scribendi
1149 1969 1181 2026 in
1196 1974 1222 2014 2⁰

163 2055 278 2131 charta,
307 2074 382 2134 quae
411 2055 448 2115 ad
477 2054 587 2116 collum
610 2058 676 2116 eius
698 2055 758 2116 lino
782 2055 931 2134 alligetur,
960 2073 1019 2134 quo
1042 2055 1181 2116 remedio

161 2144 236 2205 nihil
257 2145 471 2224 praestantius:

294 2272 353 2354 Μή
372 2299 424 2354 μοι
441 2275 585 2356 Γοργείην
602 2271 736 2355 κεφαλὴν
755 2276 866 2337 δεινοῖο
884 2271 1019 2356 πελώρου

295 2363 326 2437 ἕξ
340 2360 443 2437 ’hedos
460 2362 606 2442 πέμψειεν
624 2359 730 2444 ἐπαινὴ
749 2359 961 2444 Περσεφόνεια.

107 2510 159 2560 100
250 2495 294 2555 Ad
315 2497 494 2556 reumaticos
509 2495 612 2556 efficax
632 2497 797 2558 remedium
817 2499 874 2558 sic:
897 2495 1021 2558 Mustela
1036 2496 1084 2556 dio
1098 2496 1178 2558 loris
1192 2504 1218 2544 εδ

160 2584 231 2645 luna
262 2593 364 2644 vetere
397 2592 482 2662 capta
510 2587 574 2644 riva
602 2587 634 2644 in
662 2585 718 2645 olla
751 2586 821 2646 rudi
848 2587 889 2645 ita
917 2588 1109 2666 excoquitur,
1143 2594 1178 2646 ut

161 2675 219 2734 teri
242 2674 338 2752 possit
361 2675 442 2733 etin
466 2672 619 2752 pulverem
643 2674 753 2754 redigi3
776 2677 828 2753 qui
850 2673 948 2753 pulvis
971 2673 1115 2735 collectus
1140 2691 1176 2733 ex

160 2760 248 2822 melle
276 2770 307 2822 et
334 2761 410 2842 bene
438 2769 681 2840 contemperatus
708 2764 809 2822 ieiuno
837 2763 1000 2824 reumatico
1029 2762 1065 2823 ad
1096 2762 1175 2823 diem

160 2868 215 2928 per
247 2849 382 2911 cocleare
415 2849 547 2930 dabitur,
576 2851 628 2911 sed
657 2852 746 2911 unius
773 2850 881 2930 ligulae
915 2869 1066 2932 mensura;
1099 2853 1174 2912 mire

160 2938 303 3016 proderit.
1188 2945 1214 2986 ³⁰

106 3040 159 3089 110
245 3027 293 3087 'Ad
322 3027 492 3107 synanchen
520 3028 686 3088 remedium
714 3028 818 3088 efficax
842 3029 899 3088 sic:
930 3027 1028 3106 Rapae
1052 3028 1173 3089 seminis

159 3115 323 3196 heminam,
352 3115 481 3176 caulium
510 3119 632 3177 seminis
656 3116 820 3196 heminam,
849 3117 1027 3196 opopanacis
1055 3133 1172 3177 semun-

159 3207 245 3286 ciam,
263 3205 368 3267 laseris
388 3197 506 3290 plin,
524 3205 574 3266 alii
591 3206 750 3288 modicum,
769 3205 839 3266 salis
857 3205 991 3264 montani
1008 3205 1172 3283 modicum;

231 3341 366 3397 lvertel.
457 3340 584 3395 Seuuiis
602 3341 715 3409 scripsi:
738 3338 823 3394 eunti.
913 3337 971 3409 his]
991 3356 1025 3393 ex
1042 3337 1087 3392 his
1107 3337 1169 3392 Gor-

157 3413 265 3466 nart'us.
340 3418 373 3467 10
392 3410 516 3480 infriges.
581 3419 617 3466 24
636 3411 734 3479 Odysa.
754 3408 800 3476 XI,
820 3414 874 3463 634
887 3425 924 3478 ep.
992 3414 1026 3463 26
1044 3423 1170 3463 reomau-

157 3480 238 3536 ticos.
312 3489 346 3540 28
364 3483 435 3538 bane
454 3487 484 3538 et
502 3485 605 3554 (repet.)
676 3487 709 3535 31
729 3480 906 3550 synanchen.
