2636 3790
577 94 791 158 ..34-

176 256 298 336 ligatum
324 264 353 316 et
377 257 467 333 capiti
490 255 707 315 circumdatum
732 254 827 315 dolori
852 258 917 316 eius
941 256 1054 316 mederi
1074 265 1191 317 constat

177 364 232 406 nec
256 347 355 405 minus
378 343 499 404 herbam
520 343 695 424 polygonon,
719 362 808 423 quam
827 343 943 404 rubiam
963 362 1110 416 vocamus,
1134 346 1190 405 oir-

122 448 157 496 45
178 433 344 496 eumdatam
373 435 463 512 capiti
490 432 621 492 dolorem
650 431 755 492 tollere
784 435 899 512 experti
922 451 1034 493 sumus.
1080 432 1190 494 llamus

177 525 279 602 spinae
298 521 381 582 albae
400 521 537 600 alligatus
555 523 645 599 capiti
664 521 824 582 efficaciter
838 521 983 602 medetur,
1001 524 1102 600 senapi
1117 540 1189 601 quo—

177 630 235 692 que
250 630 319 672 oum
333 620 399 671 ruta
415 618 444 670 et
459 627 533 689 aqua
553 611 657 670 tritum
677 617 707 669 et
725 610 761 669 ad
780 609 876 670 mellis
895 611 1124 671 crassitudinem
1143 629 1188 671 re·
1218 629 1232 670 5

123 712 157 762 45
178 701 305 762 dactum.
338 699 452 760 Corona
472 717 508 758 ex
523 697 613 758 berba
628 697 841 780 hierabotane,
857 717 944 778 quam
963 717 1017 760 nos
1032 698 1190 760 verbenam

123 802 158 851 47
178 790 313 868 dicimus,
337 789 413 849 iacta
435 789 584 866 capitique
603 787 732 866 inposita
751 786 868 847 dolores
888 787 972 848 tollit.
1011 787 1190 849 cucurbitae

176 879 280 939 viridis
303 885 436 938 ramenta
457 875 582 936 cerebro
601 877 729 955 inposita
748 876 912 937 infantibus
931 895 1059 957 quoque,
1083 879 1189 956 quiex

178 966 280 1028 dolore
318 967 423 1044 capitis
460 983 601 1025 nauseam
635 967 804 1044 patiuntur,
842 965 1021 1025 validissime
1053 973 1189 1044 prosunt.

124 1066 157 1115 48
176 1054 275 1116 Herba
308 1062 443 1114 strumus
475 1055 603 1113 contrita
637 1062 667 1112 et
701 1072 769 1114 cum
802 1052 867 1114 oleo
899 1055 1044 1133 permixta
1081 1055 1233 1132 inposi-1o

177 1152 267 1222 taque
290 1141 476 1220 temporibus
500 1151 530 1201 et
552 1149 615 1201 toto
639 1143 759 1219 corpori
783 1161 851 1202 oum
874 1145 939 1221 ipso
963 1141 1027 1202 oleo
1046 1141 1190 1220 perducta

177 1229 393 1292 incredibiliter
412 1238 441 1290 et
461 1231 566 1308 capitis
586 1229 718 1290 dolorem
737 1229 814 1290 tollit
833 1241 862 1290 et
880 1231 1062 1310 languorem,
1082 1232 1107 1290 si
1123 1232 1190 1309 quis

123 1321 281 1400 tefuerit,
305 1334 430 1396 corpore
455 1318 585 1378 discutit.
622 1317 715 1377 Radix
739 1321 874 1397 cupressi
897 1321 996 1380 tenuis
1020 1321 1110 1398 capiti
1133 1320 1189 1379 cir·

124 1421 158 1469 50
177 1407 315 1470 eumdata
343 1406 476 1467 dolorem
505 1408 569 1466 eius
597 1405 681 1466 levat.
727 1405 821 1467 bacae
845 1406 920 1468 lauri
943 1409 1041 1485 inpari
1063 1425 1189 1468 numero

177 1498 322 1558 contritae
351 1504 381 1556 et
409 1495 473 1554 oleo
502 1494 616 1555 adiecto
644 1494 738 1555 calido
767 1497 859 1556 ironti
886 1498 1030 1576 inpositae
1054 1504 1188 1574 prosunt.
1204 1514 1232 1553 15

124 1597 157 1648 51
177 1585 283 1647 Oleum
302 1603 337 1644 ex
353 1602 429 1644 nuce
444 1583 591 1664 iuglande,
607 1602 681 1662 quae
695 1585 900 1664 manducatur,
920 1603 1094 1664 expressum
1111 1583 1191 1645 subi·

177 1683 241 1736 tum
272 1675 377 1751 capitis
405 1671 551 1750 dolorem,
585 1675 610 1732 si
638 1691 672 1732 eo
701 1672 894 1752 perfricetur,
926 1677 1001 1733 mire
1029 1675 1190 1752 conpescit.

124 1775 158 1823 52
178 1762 286 1823 Malum
306 1761 480 1842 cydoneum,
499 1759 645 1839 palmulae
661 1763 801 1840 quinque,
819 1764 974 1841 papaveris
989 1769 1079 1841 caput
1098 1779 1190 1823 unum

178 1852 297 1930 dempto
322 1852 434 1910 semine
465 1867 561 1928 usque
589 1849 624 1909 ad
654 1857 795 1928 quattuor
818 1851 939 1929 cyathos
962 1869 1031 1912 oum
1055 1869 1129 1930 aqua
1153 1850 1189 1910 ad

178 1941 282 2001 tertias
313 1939 469 2000 decoctum
498 1946 528 1998 et
556 1956 625 1998 orrm
653 1937 747 1998 mulsa
774 1957 848 2018 aqua
872 1941 955 2018 potui
983 1939 1083 1999 datum
1109 1938 1190 1998 valde
1206 1955 1235 1996 ao

124 2041 159 2090 53
178 2028 308 2109 prodest.
354 2026 435 2087 Folia
464 2027 534 2086 mali
560 2025 666 2087 Punici
694 2027 853 2106 diligenter
879 2029 1006 2087 contrita
1030 2036 1059 2087 et
1082 2027 1190 2087 deiude

178 2135 268 2179 sucus
289 2134 392 2176 eorum
417 2115 462 2175 vel
485 2117 549 2194 ipsa
568 2115 632 2174 oleo
651 2117 797 2194 permixta
816 2124 955 2194 potenter
973 2117 1061 2176 etiam
1079 2117 1190 2176 invete-

178 2215 259 2266 ratos
282 2203 400 2264 dolores
424 2211 593 2283 persanant,
617 2205 643 2263 si
666 2204 734 2264 inde
758 2203 880 2264 adsidue
905 2205 987 2265 frons
1007 2213 1037 2264 et
1055 2211 1190 2283 tempora

125 2293 386 2373 54-periricentur.
424 2291 499 2352 Cum
520 2291 646 2353 intrabis
665 2291 770 2352 urbem
790 2292 960 2373 quamlibet,
984 2303 1052 2354 ante
1074 2301 1190 2372 portam
1274 2291 1275 2296 ’

178 2380 306 2461 lapillos,
335 2382 440 2459 quiin
464 2383 509 2440 via
533 2380 684 2459 iacebunt,
709 2388 781 2459 quot
804 2380 934 2442 volueris
957 2381 1063 2460 collige
1087 2381 1190 2442 dicens
1205 2398 1233 2439 25
1274 2401 1275 2418 ³

178 2477 278 2531 tecum
301 2470 365 2548 ipse
389 2468 425 2528 ad
449 2470 554 2548 capitis
577 2468 708 2529 dolorem
731 2477 762 2529 te¹
784 2470 948 2530 remedium
968 2469 1081 2550 tollere,
1105 2477 1190 2529 etex

177 2557 225 2618 his
253 2575 345 2618 unum
375 2558 464 2636 capiti
492 2556 624 2638 alligato,
651 2565 767 2618 ceteros
794 2566 863 2637 post
890 2567 1007 2638 tergum
1035 2561 1111 2618 iacta
1135 2575 1190 2618 nee

125 2659 159 2708 55
178 2655 260 2707 retro
274 2648 399 2724 respice.
430 2644 526 2726 Creta,
542 2664 617 2724 quae
631 2645 754 2706 Cimolia
768 2646 941 2728 appellatur,
957 2654 1040 2708 cocta
1055 2664 1090 2706 ex
1106 2654 1190 2706 aceto

125 2748 158 2797 55
178 2735 270 2796 fronti
297 2736 424 2813 inposita
454 2741 593 2813 potenter
620 2735 765 2794 medetur.
813 2734 861 2796 Sal
892 2753 960 2797 cum
990 2743 1057 2796 ruta
1085 2736 1190 2795 tritum

179 2824 294 2885 adiecto
322 2822 409 2884 melle
437 2823 530 2883 fronti
561 2823 679 2883 inlitum
713 2825 912 2884 certissimum
941 2823 1106 2884 remedium
1136 2831 1190 2884 est.
1205 2840 1233 2880 ao
1273 2829 1274 2864 ῑ

127 2925 160 2975 ot
179 2911 314 2992 Faecula,
338 2929 395 2990 qua
414 2912 575 2972 infectores
594 2919 729 2992 utuntur,
754 2913 779 2972 si
803 2913 945 2992 spondam
963 2912 1034 2972 lecti
1051 2914 1192 2993 priorem,
1273 2905 1274 2949 t

179 3020 237 3081 qua
264 3002 310 3061 vir
338 2999 443 3081 cubat,
466 3002 644 3078 perunxeris
672 3008 702 3060 et
729 3000 860 3079 spondae
887 3001 984 3062 medio
1013 2999 1191 3079 inligaveris,

124 3102 158 3151 58
178 3089 297 3150 dolores
326 3090 432 3168 capitis
455 3088 641 3149 remediabis.
688 3087 732 3148 Ex
756 3089 858 3150 eadem
882 3107 970 3169 aqua,
994 3089 1031 3149 de
1055 3107 1112 3167 qua
1136 3088 1191 3150 bos

178 3187 230 3240 aut
259 3179 361 3239 asinus
391 3176 514 3258 biberit,
537 3176 690 3256 paululum
718 3185 871 3257 sumptum
894 3186 924 3238 et
950 3185 1086 3257 potatum
1114 3176 1191 3238 tollit

248 3320 265 3368 4
284 3312 381 3382 serapi
398 3319 447 3367 im
466 3311 559 3381 sinapi
575 3315 632 3367 2m.
700 3318 716 3367 6
735 3311 879 3368 reductum
897 3327 947 3368 om.
1008 3312 1190 3382 geruboiene.

177 3390 217 3510 liossl
218 3383 356 3510 ι5115505515.
420 3388 453 3438 29
468 3382 606 3438 frontibus
621 3381 721 3452 posite.
777 3390 811 3438 32
831 3382 1018 3453 perunexeris.
1074 3387 1108 3437 at
1122 3399 1190 3454 pau·
