2540 3802
487 93 727 158 -199-

94 263 153 336 tet‚
182 254 261 334 quod
290 255 356 314 lieri
383 253 472 316 debet
495 255 532 316 de
555 256 723 335 plantagine
748 275 797 337 ea,
820 275 896 336 quae
920 258 1111 338 arnoglossus

95 343 216 424 dicitur,
236 361 305 404 cum
324 351 407 404 aceto
426 346 510 425 trita3
530 345 605 406 cibis
625 354 723 408 autem
742 348 787 406 uti
806 345 903 427 debet,
922 349 972 408 cui
991 349 1110 412 meden-

95 432 168 493 dum
192 439 247 513 est,
270 434 398 494 austeris
422 441 453 492 et
475 435 619 512 stypticis.

187 519 370 600 cataplasma
393 521 427 582 fit
449 523 601 583 stomacho
624 522 770 584 laboranti
793 541 829 584 ex
852 526 948 602 pomis
969 527 1110 606 cydoneis
1127 540 1162 590 88

65 611 209 688 septime
232 611 394 689 percoctis,
419 628 493 689 quae
516 629 603 689 poma
625 611 763 672 manibus
786 611 980 694 subiguntur,
1003 614 1110 676 deinde

95 716 167 758 rosa
186 700 265 758 sicca
284 701 392 758 teritur
411 707 441 759 et
460 699 582 760 cribello
596 701 766 763 medicinali
780 701 933 782 criblatur‚
951 711 1015 763 tum
1034 705 1111 766 aceti

96 789 204 865 optimi
228 794 372 865 quantum
395 787 523 849 sufficiat
548 789 675 852 adicitur
703 799 734 852 et
761 790 849 852 simul
876 792 975 850 omnia
1002 793 1111 869 permi-

96 883 222 936 scentur
240 876 411 954 factumque
431 878 606 956 cataplasma
625 877 777 940 stomacho
796 877 924 938 calidum
943 879 1109 958 adponitur.

95 963 263 1045 Portulaca,
286 964 343 1024 hoc
367 972 413 1026 est
435 965 525 1026 alium
548 965 700 1045 Gallicum,
724 968 864 1045 coquitur
885 966 1163 1046 diligentissimam

52 1069 81 1108 ιο
96 1059 128 1112 et
155 1061 275 1112 coctum
302 1052 379 1113 bene
406 1053 511 1114 edetur
539 1072 575 1114 er
603 1061 686 1115 aceto
715 1053 751 1116 ab
775 1073 823 1136 oo,
850 1057 901 1134 qui
924 1056 1110 1118 stomachum

96 1139 210 1202 dolebit
232 1140 279 1200 vel
301 1143 440 1202 vitiosum
463 1141 597 1222 habebit3
625 1144 684 1204 cito
713 1146 741 1204 ei
763 1143 905 1224 proderit.
951 1144 1110 1206 (luminum
1127 1157 1163 1206 to

95 1238 177 1290 teres
201 1239 232 1290 et
250 1232 319 1290 vino
338 1232 463 1301 mixtum
481 1229 565 1292 dabis
584 1229 746 1293 bibendum
764 1235 874 1312 ieiuno,
897 1235 923 1292 si
941 1251 1001 1294 non
1019 1232 1109 1294 febri·

96 1317 213 1398 citabit;
232 1319 259 1378 si
277 1317 459 1379 febricitabit
478 1337 514 1380 ex
528 1337 604 1398 aqua
619 1323 724 1382 tritum
738 1320 835 1401 dabis;
854 1323 996 1382 contiuuo
1011 1339 1110 1384 emen·

96 1405 216 1466 dabitur
240 1407 385 1468 stomachi
407 1407 499 1468 dolor.
537 1407 671 1468 Nardum
693 1417 723 1470 et
746 1413 852 1470 mastix
876 1419 906 1470 et
924 1428 1027 1472 semen
1050 1412 1111 1490 apii
1127 1422 1162 1472 41

52 1510 81 1551 1⁵
97 1512 167 1555 cum
191 1493 262 1556 baca
284 1495 362 1556 lauri
385 1504 415 1557 et
438 1496 574 1558 abseuthi
595 1500 708 1558 semine
728 1501 830 1577 aequis
849 1498 1021 1577 potionibus
1040 1517 1109 1560 con-

95 1591 251 1663 teruntur;
274 1583 371 1662 pulvis
389 1584 439 1644 hic
463 1603 554 1664 super
578 1587 763 1646 stomachum
787 1605 926 1665 aspersus
946 1589 1110 1648 miraeum

95 1673 201 1732 reficit.
236 1671 375 1733 Absiutlri
397 1673 501 1734 viridis
523 1675 707 1753 manipulum
730 1677 762 1734 in
785 1675 910 1736 caccabo
929 1693 1005 1736 noro
1025 1675 1110 1737 fictili
1129 1687 1163 1736 42

95 1779 165 1821 cum
189 1779 283 1839 aquae
306 1761 424 1822 hemina
447 1762 597 1840 decoques
621 1762 656 1823 ad
680 1765 784 1823 tertias
806 1771 835 1824 et
853 1766 884 1823 in
902 1767 996 1844 ipsam
1014 1766 1109 1843 potio-

95 1868 164 1910 nem
185 1851 288 1910 mittes
307 1852 439 1911 masticis
456 1851 607 1912 modicum
627 1859 658 1912 et
675 1853 788 1930 piperis
807 1854 871 1912 triti
889 1870 980 1930 grana
995 1861 1110 1932 septem

52 1955 81 1994 ao
96 1938 143 1998 vel
165 1956 272 1998 norem
296 1947 326 2000 et
350 1941 393 2000 sic
415 1957 502 2000 mane
525 1941 625 2000 ieiuno
649 1938 813 2002 bibendum
841 1940 938 2020 dabis,
966 1944 1109 2002 continuo

96 2028 206 2088 sentiet
229 2027 374 2090 stomachi
397 2027 559 2088 laborantis
581 2027 746 2090 medellam.

185 2115 230 2176 Ad
245 2116 391 2176 stomachi
405 2115 620 2177 carbunculum
634 2116 858 2196 reprimendum
873 2115 983 2176 dactuli
996 2118 1029 2176 in
1040 2117 1108 2178 rino
1128 2128 1163 2179 43

95 2212 216 2264 austero
235 2212 425 2266 macerantur
443 2213 473 2265 et
491 2205 620 2266 admixto
639 2223 726 2284 pomo
746 2205 878 2285 cydoneo
897 2211 982 2264 cocto
998 2212 1028 2265 et
1041 2223 1110 2266 rosa

95 2302 125 2354 et
153 2295 277 2354 mastica
305 2301 335 2354 et
358 2293 421 2354 aloe
446 2301 476 2354 et
499 2293 563 2353 oleo
589 2311 710 2354 rosaceo
735 2293 887 2354 stomacho
910 2292 1110 2374 adponuntur,

52 2399 81 2440 as
95 2383 136 2441 ita
164 2389 198 2442 ut
226 2381 403 2460 cataplasma
430 2381 499 2441 inde
523 2383 744 2442 exactissimum
766 2383 829 2462 liat3
856 2389 1011 2461 praeterea
1035 2401 1111 2444 sen-

13 2459 14 2540 t
95 2479 242 2548 perante
268 2470 368 2530 cibum
395 2471 532 2530 infirmus
556 2470 708 2530 stomacho
736 2469 825 2530 debet
851 2472 987 2549 accipere
1014 2470 1110 2531 mellis

95 2559 187 2619 Attici
215 2559 353 2620 cocliaria
381 2559 439 2620 duo
468 2556 514 2618 vel
541 2560 598 2618 tria
625 2560 737 2636 pariter
764 2561 796 2620 in
820 2561 888 2620 rino
917 2567 1036 2620 austero
1060 2559 1110 2620 de·

95 2649 186 2728 cocti,
212 2647 291 2726 quod
315 2647 438 2725 duplum
467 2648 506 2706 sit
533 2665 620 2724 quam
648 2647 720 2728 mel,
748 2647 794 2710 vel
821 2665 874 2725 pro
898 2648 966 2708 vino
990 2655 1110 2709 austero

95 2754 187 2797 sucus
215 2754 352 2798 rosarum
378 2737 544 2814 permixtus
572 2735 672 2816 detur3
700 2737 793 2796 siccat
819 2737 897 2796 enim
925 2736 1111 2798 stomachum

52 2843 81 2882 so
96 2835 126 2885 et
154 2833 271 2886 recreat
299 2824 476 2886 dissolutum
505 2834 535 2884 et
561 2825 644 2885 tarde
674 2823 773 2884 cibum
804 2824 1012 2886 conficientem
1041 2841 1111 2886 con-

95 2915 202 2974 firmat.
240 2913 335 2974 blellis
358 2912 432 2974 libra
460 2930 532 2991 una,
561 2913 678 2990 senapis
705 2914 776 2973 tosti
803 2931 838 2974 ac
860 2919 929 2991 post
952 2913 1110 2992 diligenter·
1128 2925 1165 2973 44

95 3004 160 3062 triti
192 3004 298 3063 unciae
332 3001 407 3062 duae
439 3003 552 3080 pariter
583 3007 754 3078 coquuntur
786 3008 817 3062 et
850 3019 887 3062 ex
921 3019 956 3062 eo
988 3002 1111 3080 plenum

95 3092 230 3152 cocleare
262 3092 377 3168 ieiuno,
410 3091 462 3166 qui
493 3087 638 3148 stomachi
665 3087 766 3148 dolore
794 3088 984 3170 laboraverit,
1014 3090 1109 3150 datur.

96 3180 138 3240 ld
164 3179 350 3240 stomachum
378 3183 571 3238 nauseantem
599 3185 630 3236 et
657 3185 857 3238 acescentem:
885 3177 1041 3238 Coriandri
1064 3196 1109 3238 se·
1128 3187 1163 3237 45

13 3433 15 3448 ,
188 3385 395 3455 ternoglosus.
473 3378 641 3450 3etipbicis.
718 3379 855 3434 Scalido.
936 3380 1111 3448 9poroacla.

98 3463 131 3512 14
150 3459 285 3512 dolorem.
359 3456 475 3509 master.
551 3456 583 3506 17
603 3449 784 3518 manipolum.
859 3453 891 3504 18
910 3449 1050 3508 heemina.
