2518 3806
530 118 767 182 -372-

87 289 122 337 33
230 275 365 336 Feniculi
396 276 490 337 farina
523 296 559 338 ex
591 277 785 359 hydromelite
816 279 938 340 decocta
966 289 995 340 et
1023 282 1161 360 inposita

141 363 295 441 chiragrae
317 365 461 426 medetur.

87 463 120 512 31
229 451 392 530 Podagram
417 461 449 514 ut
472 471 575 514 sanare
599 453 718 514 difficile
742 462 801 534 est,
829 457 872 514 sic
895 456 1050 533 incipienti
1074 458 1160 518 inter

139 541 223 600 initia
247 559 407 601 occurrere
430 549 600 620 promptum
625 550 683 622 est3
707 560 774 601 nam
798 544 878 602 inter
895 545 979 604 initia
998 545 1063 604 eius
1083 563 1158 606 oum
1251 579 1252 626 }

139 627 257 688 dolores
285 631 441 706 asperrimi
470 637 552 708 suut,
581 631 606 689 si
634 633 700 708 quis
728 647 801 690 vena
829 631 952 690 adversa
974 634 1005 691 in
1029 631 1187 694 brachios
1251 635 1252 698 3

138 725 297 797 pungatur,
316 735 375 776 non
393 717 481 778 modo
500 720 651 797 praesenti
670 717 772 777 dolore
786 717 977 800 relevabitur,
996 720 1158 782 sedetiam
1251 753 1252 762 ¹

138 806 169 864 in
192 812 347 883 posterum
370 813 515 884 perpetuo
539 805 723 866 liberabitur.

85 903 119 952 32
227 892 347 952 Utiliter
369 895 400 952 iu
419 893 521 954 dolore
540 901 749 973 perunguntur
768 893 859 972 pedes
878 893 952 975 oleo,
970 897 1001 954 in
1022 914 1081 974 quo
1100 897 1156 958 diu

139 981 260 1042 decocta
285 982 344 1040 sint
367 982 507 1042 intestina
530 1000 682 1062 ranarum3
706 1000 794 1042 ranae
819 1000 938 1062 quoque
961 982 1084 1044 rubetae
1103 1003 1155 1046 ex·

138 1077 223 1130 ustae
251 1069 326 1129 cinis
355 1088 423 1130 cum
452 1069 585 1130 sambuci
612 1070 745 1130 coliculis
773 1072 886 1130 teneris
914 1073 993 1131 tritis
1021 1081 1051 1132 et
1081 1091 1154 1134 sevo
1170 1095 1196 1133 ιο

138 1156 254 1216 hircino
283 1165 384 1216 vetere
412 1159 559 1234 permixto
592 1167 621 1218 et
653 1157 776 1218 decocto
808 1161 980 1238 pariterque
1011 1161 1153 1239 imposito
1251 1189 1252 1192 ¹

86 1258 119 1306 33
140 1244 271 1320 prodest.
313 1242 395 1303 Folia
423 1249 559 1321 cupressi
581 1248 710 1305 contrita
733 1265 802 1306 cum
830 1249 915 1324 panis
938 1246 1035 1308 mollis
1057 1251 1153 1328 parti-

138 1329 195 1390 bus
218 1329 334 1392 duabus
357 1339 387 1391 et
410 1335 535 1411 axungia
559 1341 659 1393 vetere
681 1332 803 1394 subacta
821 1335 979 1396 medentur
998 1335 1152 1398 doloribus

136 1417 293 1498 podagrae.

84 1520 119 1568 34
227 1506 336 1567 Semen
363 1516 502 1586 genestae
530 1516 652 1569 tunsum
680 1519 710 1570 et
739 1528 807 1570 cum
837 1513 963 1589 axungia
993 1511 1152 1574 subactum
1167 1534 1193 1574 15

83 1608 117 1657 35
138 1594 291 1656 doloribus
314 1597 519 1675 geniculorum
542 1606 680 1675 potenter
703 1597 868 1658 adhibetur.
905 1597 1048 1661 Mustelae
1067 1603 1152 1663 vivae

137 1683 308 1745 combustae
336 1687 411 1745 cinis
440 1703 509 1746 cum
537 1685 601 1746 oleo
627 1704 748 1746 rosaceo
773 1693 803 1746 et
825 1694 909 1747 aceto
932 1689 1023 1766 pinna
1046 1688 1152 1751 inlitus

134 1772 302 1851 podagricis
325 1765 456 1852 prodest.

82 1873 116 1922 33
225 1858 340 1921 lledera
364 1863 491 1922 contrita
514 1869 630 1921 etcum
650 1879 736 1941 oryza
758 1879 792 1922 ac
812 1861 898 1922 melle
917 1863 1039 1924 decocta
1058 1874 1150 1944 atque

135 1949 166 2006 in
196 1966 287 2009 unum
316 1951 462 2028 permixta
490 1957 521 2009 et
548 1949 645 2009 denuo
673 1951 742 2009 trita
769 1949 917 2029 podagrae
941 1959 971 2011 et
994 1951 1150 2031 chiragrae
1165 1974 1190 2012 ro

81 2045 165 2098 eret
193 2054 354 2096 nervorum
377 2036 590 2097 offensionibus
614 2037 750 2096 medetur
773 2039 910 2116 inposita.
952 2037 1054 2100 Urtica
1076 2043 1148 2102 trita

135 2142 203 2184 cum
227 2127 370 2202 sanguine
393 2125 513 2185 milvino
537 2133 588 2185 aut
610 2124 817 2204 palumborum
838 2127 982 2205 permixta
1002 2135 1091 2206 atque
1111 2148 1148 2189 ex

135 2230 169 2272 eo
192 2212 284 2291 pedes
307 2212 385 2273 inliti
408 2213 569 2273 efficaciter
593 2221 743 2274 sanantur.

80 2313 114 2362 38
222 2300 380 2361 Mirificum
399 2301 546 2380 podagrae
565 2301 729 2362 remedium
749 2319 805 2362 nec
824 2302 973 2381 impendio
993 2311 1147 2383 sumptuo-

135 2405 201 2447 sum
234 2389 293 2448 sic:
332 2388 474 2467 Cupressi
506 2379 629 2468 pilulae'
646 2389 818 2470 duodecim,
850 2392 1018 2468 pastinacae
1055 2411 1145 2472 quam
1160 2411 1187 2452 rs

132 2476 272 2535 minimae
295 2477 419 2536 totidem
443 2477 652 2556 decoquuntur
676 2495 745 2538 cum
768 2479 844 2538 turis
868 2480 948 2538 tunsi
971 2481 1068 2540 unciis
1091 2483 1144 2540 tri-

133 2562 190 2623 bus
214 2581 281 2623 cum
303 2564 360 2624 olei
379 2567 508 2625 sextario
527 2573 557 2625 et
576 2583 668 2643 aquae
687 2565 805 2625 hemina
824 2574 854 2626 et
872 2569 1015 2644 axungiae
1034 2571 1143 2629 veteris

52 2693 54 2697 ,
132 2652 230 2710 unciis
258 2651 295 2712 Vl
324 2660 354 2712 et
381 2671 467 2712 cerae
497 2652 684 2735 tantundem,
717 2671 793 2732 quae
821 2655 979 2733 inspissata
1011 2663 1041 2716 et
1073 2674 1142 2716 con·

133 2739 277 2817 glutinata
299 2757 396 2816 panno
420 2740 503 2800 inlita
526 2739 652 2818 pedibus
676 2741 874 2819 adponuntur.

81 2841 114 2889 33
222 2827 267 2886 Ad
285 2827 444 2905 podagram
464 2846 533 2888 cum
551 2829 667 2888 fervore
685 2837 715 2888 et
729 2836 846 2890 tumore
860 2829 1036 2912 rubicundo,
1055 2849 1183 2910 quamue

134 2914 258 2975 calidam
276 2925 391 2997 vocant,
409 2915 482 2975 haec
501 2915 614 2976 iaciunt
631 2918 736 2994 primis
755 2917 860 2978 diebus
879 2917 1021 2982 adhibita:
1043 2918 1143 2980 Herba

133 3001 296 3064 urceolaris
323 3021 378 3082 per
407 3021 438 3064 se
466 3012 496 3064 et
521 3021 625 3064 caseus
651 3004 747 3064 mollis
776 3023 882 3066 recens
909 3025 962 3085 per
990 3025 1022 3067 se
1049 3009 1142 3086 impo-

135 3094 219 3172 situs,
242 3098 345 3171 postea
363 3091 464 3173 herba,
490 3093 538 3152 cui
557 3091 625 3152 salis
644 3093 783 3170 pusillum
803 3094 966 3154 admiscere
986 3095 1141 3174 oportebit.

133 3178 208 3240 ltem
236 3179 312 3241 bene
344 3180 414 3241 facit
446 3182 545 3260 apium
576 3180 670 3241 viride
699 3199 754 3258 per
786 3199 817 3241 se
846 3181 891 3241 vel
923 3201 992 3243 cum
1023 3183 1141 3262 polenta

224 3388 238 3435 1
258 3383 373 3437 feniculi
395 3382 499 3456 farina]
522 3383 599 3438 faeni
620 3383 715 3454 graeci
733 3383 824 3438 lerina
843 3383 920 3440 Plio.
933 3402 961 3438 o.
975 3387 1002 3442 b.
1016 3391 1063 3455 24,
1079 3391 1139 3444 188.

134 3454 167 3502 33
187 3451 282 3520 herbo,
301 3453 358 3523 cui]
378 3453 482 3510 herbae
501 3454 623 3510 Scribere.
