2636 3790
520 130 737 195 ,15-

222 327 419 390 Cornelius
443 326 569 388 Celsus
593 327 625 388 G.
649 327 740 388 lulio
765 327 913 388 Callisto
939 327 968 388 S.
992 327 1024 390 D.

202 469 289 530 Inter
312 470 457 530 maximos
482 469 630 548 quondam
652 468 772 530 habitus
793 470 928 530 medicos
943 469 1166 552 Herophilus,1

115 559 145 620 G.
164 559 224 620 Iuli
244 557 376 640 Calliste,
395 558 491 618 fertur
510 557 619 618 dixisse
639 558 852 618 medicamenta
876 559 1000 620 deorum
1022 563 1132 620 inmor-

113 648 217 709 talium
241 665 352 708 manus
375 665 450 726 esse,
474 665 534 706 non
558 648 621 706 sine
645 649 769 725 ratione,
792 654 826 706 ut
848 665 913 708 mea
938 648 996 708 lert
1019 650 1133 728 opini03

112 755 240 815 prorsus
266 737 348 796 enim
372 734 450 814 quod
474 743 572 795 tactus
596 735 714 795 divinus
733 735 851 795 efficere
870 742 978 816 potest,
1002 735 1032 796 id
1052 754 1133 814 prae·

84 833 192 886 astant
217 823 437 885 medicamenta
460 842 533 884 usus
560 825 743 902 experientia
767 823 955 902 conprobata.
996 823 1133 885 duimad-

111 917 261 975 vertimus
285 915 386 991 itaque
410 930 498 991 saepe
522 915 600 972 inter
619 911 848 972 deliberationes
867 914 1132 991 contentionesque

109 1003 304 1064 medicorum
319 1003 494 1062 auctoritate
509 1000 760 1081 praecedentium,
779 1000 850 1062 dum
865 1003 1028 1084 quaeritur,
1048 1001 1131 1080 quid·

110 1111 178 1153 nam
208 1089 384 1152 laciendum
412 1097 464 1150 aut
492 1108 549 1169 qua
575 1091 688 1150 ratione
713 1090 948 1151 succurrendum
972 1093 1011 1152 sit
1034 1109 1131 1172 aegro,

110 1181 261 1260 quosdam
286 1177 416 1240 humiles
439 1179 558 1256 quidem
583 1187 612 1238 et
635 1177 745 1256 alioqui
767 1180 898 1261 ignotos,
926 1197 1029 1240 revera
1052 1181 1131 1258 peri·

71 1289 95 1327 ιο
109 1273 205 1330 tiores
230 1267 289 1347 vel,
314 1267 392 1346 quod
417 1266 504 1326 fateri
526 1267 628 1346 pudet,
651 1267 738 1350 longe
756 1277 920 1329 summotos
939 1287 955 1328 a
975 1268 1131 1348 disciplina

109 1359 282 1419 medicinae
311 1363 342 1416 et
369 1373 406 1415 ne
430 1355 541 1416 adfines
565 1355 685 1434 quidem
711 1357 775 1416 eius
803 1357 981 1435 professioni
1005 1357 1131 1418 medica·

107 1454 213 1507 mento
239 1444 358 1504 efficaci
380 1443 447 1504 dato
471 1446 608 1522 protinus
632 1443 713 1504 velut
736 1447 886 1523 praesenti
909 1447 1030 1506 numine
1049 1447 1130 1506 omni

107 1536 214 1596 dolore
232 1531 429 1612 periculoque
447 1531 589 1592 liberasse
609 1550 721 1610 aegros.
757 1531 955 1602 Quamobrem
969 1533 1131 1613 spernendi
1149 1545 1165 1594 t

107 1633 181 1684 sunt
206 1621 340 1701 quidem,
364 1623 416 1699 qui
438 1621 615 1681 medicinam
640 1620 766 1700 spoliare
790 1629 936 1702 temptant
958 1641 1016 1684 usu
1039 1621 1130 1682 medi-

68 1731 92 1772 n
107 1719 332 1789 camentorum,
355 1711 454 1770 forsan
478 1728 537 1770 non
561 1728 577 1770 a
601 1709 755 1788 medendo,
779 1710 830 1770 sed
854 1729 870 1770 a
894 1713 1025 1788 potentia
1045 1709 1130 1769 effec-

106 1811 206 1880 tuque
240 1797 526 1858 medicamentorum
558 1800 599 1858 ita
632 1797 820 1877 appellatam,
853 1798 1000 1875 probandi
1031 1804 1131 1858 autem

106 1897 197 1970 sunt,
227 1889 282 1966 qui
310 1888 391 1946 omni
417 1886 505 1947 modo
535 1905 714 1947 succurrere
739 1885 977 1965 periclitantibus
1001 1885 1129 1947 student.

106 1979 174 2058 Ego
204 1984 289 2038 certe
318 1975 494 2054 aliquotiens
521 1993 661 2054 magnum
690 1975 831 2034 scientiae
860 1983 1039 2034 consecutus
1064 1993 1130 2034 sum

107 2067 236 2128 titulum
257 2083 294 2124 ex
313 2082 370 2124 usu
388 2082 531 2143 prospere
551 2064 688 2125 datorum
706 2062 990 2123 medicamentorum
1008 2061 1129 2122 multos·

70 2173 94 2212 ao
110 2175 170 2234 que
186 2173 223 2214 en
241 2153 344 2212 eadem
359 2170 448 2212 causa
461 2170 521 2212 non
536 2152 715 2213 mediocrem
735 2151 857 2230 gloriam
876 2150 981 2212 tulisse
1000 2151 1129 2212 memini.

108 2244 165 2304 Est
185 2245 268 2302 enim
287 2241 360 2300 haec
377 2259 447 2319 pars
461 2242 624 2302 medicinae
643 2240 690 2302 vel
708 2242 834 2302 maxime
853 2242 1029 2321 necessaria,
1048 2247 1129 2301 certe

109 2332 331 2410 antiquissima,
355 2337 385 2390 et
408 2328 445 2389 ob
464 2329 521 2390 hoc
540 2331 669 2408 primum
689 2328 837 2390 celebrata
857 2338 945 2409 atque
964 2329 1129 2409 inlustrata,

110 2420 266 2500 siqnidem
293 2437 397 2478 verum
425 2426 471 2479 est
498 2421 636 2498 antiquos
663 2417 765 2478 herbis
794 2436 827 2478 ac
853 2418 1003 2479 radicibus
1027 2437 1129 2480 earum

110 2510 253 2588 corporis
271 2509 342 2568 vitia
361 2525 490 2588 curasse,
511 2510 579 2586 quia
598 2507 735 2568 timidum
754 2525 848 2585 genus
867 2507 1037 2568 mortalium
1051 2510 1129 2568 inter

74 2613 96 2655 aa
110 2599 200 2658 initia
219 2614 280 2656 non
299 2595 384 2656 iacile
404 2614 435 2656 se
455 2596 534 2656 ferro
553 2597 674 2674 ignique
694 2595 904 2658 committebat.
939 2595 1024 2666 Quod
1040 2597 1130 2655 etiam

111 2704 196 2747 nunc
225 2684 361 2764 plerique
392 2685 518 2765 faciunt,
547 2703 583 2744 ne
612 2683 709 2744 dicam
737 2703 853 2766 omnes,
882 2691 911 2744 et
939 2686 998 2744 nisi
1025 2701 1130 2762 magna

112 2773 254 2853 conpulsi
277 2775 455 2842 necessitate
478 2775 572 2852 ipsius
596 2771 700 2832 salutis
725 2791 783 2833 non
806 2776 961 2852 patiuntur
980 2773 1037 2832 sihi
1056 2773 1129 2851 lieri,

113 2881 192 2943 quae
217 2879 288 2922 sane
312 2864 359 2922 vix
383 2860 534 2923 toleranda
557 2868 635 2922 sunt.
677 2859 738 2921 Gur
764 2880 833 2940 ergo
858 2861 949 2941 aliqui
972 2860 1165 2922 excludente

112 2952 296 3014 medicinam
319 2951 355 3011 de
378 2969 435 3010 usu
458 2950 754 3030 medicamentorum,
778 2968 838 3010 non
860 2952 993 3032 invenio,
1016 2951 1075 3009 nisi
1097 2956 1131 3009 ut

77 3057 99 3098 so
115 3041 259 3119 detegant
286 3039 505 3117 inprudentiam
533 3057 624 3098 suam.
668 3037 735 3098 Sive
764 3039 843 3098 enim
871 3038 985 3099 nullum
1016 3039 1130 3118 experi-

189 3209 330 3266 Sorlbonii
347 3208 436 3279 Lorpi
453 3210 520 3264 hoec
538 3214 576 3264 ost
596 3209 720 3277 epistula.

191 3279 344 3334 lcondem
363 3286 419 3334 Im.
492 3278 674 3349 hierophilus.
748 3279 963 3346 boonprobato.
1029 3285 1061 3333 12
1082 3293 1130 3332 no-

114 3352 193 3406 mine
212 3357 273 3407 2m.
366 3356 398 3406 15
417 3351 500 3406 verbo
518 3350 611 3405 forsan
631 3366 688 3404 non
706 3367 725 3404 a
742 3349 879 3404 medendo
899 3351 947 3404 sed
966 3365 983 3400 a
1001 3347 1131 3418 potentia

116 3423 275 3490 effectuque
294 3420 560 3476 medicamentorum
586 3438 635 3477 om.
712 3426 745 3473 16
774 3418 919 3488 appellati.
992 3424 1025 3471 28
1050 3417 1128 3487 sane]

115 3493 191 3549 sanis
210 3492 371 3548 Oornorios.
