2564 3794
580 136 709 201 -78
747 124 797 182 '-

182 301 234 362 das
262 309 292 362 et
320 301 355 361 ad
383 299 540 379 palpebras
564 317 684 378 asperas
707 300 834 379 utimur,
858 298 936 378 quod
961 301 1030 378 quia
1054 317 1089 359 ex
1114 307 1198 378 quat·
1259 322 1260 416 y

181 399 250 451 tuor
278 388 369 450 rebus
396 397 429 450 ut
459 388 599 468 quadriga
628 390 713 468 eqrris
742 395 858 448 constat
881 395 912 447 et
935 387 1048 448 celeres
1072 389 1195 450 effectus

181 477 284 559 habet,
307 477 410 538 harma
433 477 557 558 dicitur;
580 479 688 556 recipit
710 476 797 537 haec.
820 476 906 537 Aeris
930 478 991 536 usti
1014 475 1040 536 ll
1063 475 1126 556 llll,
1149 485 1195 538 tu·

181 585 250 627 reae
269 566 384 627 arboris
404 568 525 628 corticis
544 565 570 626 ll
589 565 652 647 llll,
671 567 847 626 ammoniaci
865 573 966 644 guttae
985 564 1089 644 xlm,
1112 584 1194 644 gum-

182 657 238 716 mis
266 655 292 716 h
315 654 382 737 11113
410 663 550 716 teruntur
577 655 650 716 baec
677 672 714 714 ex
742 672 818 733 aqua
842 653 970 732 pluviali.
1018 653 1082 714 Hoc
1106 656 1225 715 etiams

181 755 396 824 superunctum
421 743 457 804 ad
481 762 644 823 puerorum
667 742 825 822 epiphoras
848 750 879 802 et
898 743 1027 821 quinon
1047 743 1196 804 sufferunt

130 836 358 896 tteunctionem
382 835 491 912 optime
517 833 593 894 lacit.
633 831 794 911 Collyrium
818 830 897 910 quod
922 833 1041 910 proprie
1066 832 1136 892 lacit
1159 831 1195 892 ad

181 922 396 1003 aspritudinem
424 921 633 1001 palpebrarum
661 928 691 982 et
714 919 921 1000 callositatem,
949 927 1068 999 oportet
1095 928 1195 980 autem

181 1019 232 1072 aut
247 1010 384 1072 subicere
400 1010 553 1090 specillum
568 1009 727 1089 palpebrae
747 1016 798 1069 aut
816 1011 966 1069 invertere
985 1010 1079 1086 ipsam
1096 1008 1195 1087 palpe-

181 1100 265 1160 bram
289 1107 319 1158 et
342 1099 385 1159 sic
408 1102 566 1178 inungere,
596 1100 717 1178 recipit:
754 1097 839 1158 heris
863 1099 925 1158 usti
948 1095 1086 1176 llllllll,
1109 1113 1192 1157 aern·
1209 1112 1238 1151 ro

180 1190 257 1266 ginis
281 1185 376 1267 llll,
400 1189 481 1247 croci
504 1185 543 1266 X,
562 1205 678 1266 myrrae
703 1185 772 1267 nl,
802 1187 897 1246 casiae
921 1185 1004 1246 ruiae
1028 1184 1196 1246 fistularum

180 1277 328 1335 victoriati
351 1275 482 1355 pondus,
510 1277 622 1354 piperis
646 1274 705 1334 albi
728 1292 818 1352 grana
843 1273 925 1355 XLV,
954 1275 1082 1354 gummis
1106 1273 1195 1334 dena·

165 1366 241 1425 'rios
271 1381 384 1424 novem.
431 1362 505 1424 Cum
533 1365 600 1422 vino
624 1361 696 1422 Chio
725 1362 798 1422 haec
826 1369 967 1423 teruntur
994 1371 1024 1423 et
1047 1365 1090 1423 sic
1114 1362 1195 1422 colli·

128 1461 305 1530 moguntur.
342 1452 386 1512 Ad
411 1450 618 1531 palpebrarum
642 1452 831 1512 veterrimam
851 1451 1068 1529 aspritudinem
1092 1458 1122 1512 et
1145 1470 1194 1512 ex-

180 1549 364 1601 crescentem
389 1557 522 1620 carnem,
545 1557 633 1618 quam
658 1541 784 1620 sycosim
808 1538 915 1599 Graeci
936 1549 1056 1621 vocant,
1080 1542 1111 1600 in
1135 1559 1195 1620 qua
1211 1556 1237 1597 rs

180 1637 226 1690 est
249 1628 357 1690 callum
385 1629 592 1709 durissimum,
621 1635 667 1688 est
695 1635 794 1688 autem
822 1626 969 1706 liquidum
997 1628 1196 1690 medicamen·

180 1728 256 1800 tum,
285 1716 364 1798 quod
388 1717 455 1778 ideo
478 1717 570 1797 hygra
593 1715 772 1797 appellatur,
796 1717 875 1796 quod
900 1719 989 1778 etiam
1013 1735 1133 1778 carnem
1160 1737 1195 1778 ex

178 1806 329 1886 palpebris
352 1806 429 1867 tollit
452 1807 516 1867 sine
540 1824 646 1885 magno
670 1805 785 1886 dolore,
814 1807 922 1886 recipit
945 1807 1031 1868 haec:
1068 1805 1195 1887 Myrrae,

179 1897 270 1977 turis,
294 1898 388 1976 croci,
411 1897 510 1975 misul,
534 1894 717 1974 singularum
737 1896 906 1974 specierum
925 1895 1063 1956 denarios
1082 1903 1197 1976 ternos,

179 1984 346 2045 chalcitidis
370 1983 459 2044 xvi.
501 1982 581 2044 llaec
605 1992 745 2044 teruntur
768 1982 925 2062 diligenter
950 2002 985 2044 ex
1009 1993 1093 2044 aceto
1117 1986 1195 2065 acri;
1210 1998 1236 2037 2⁰

179 2073 232 2134 ubi
264 2072 339 2133 levia
369 2073 444 2132 lacta
480 2079 569 2132 erunt
601 2079 631 2132 et
659 2071 812 2133 habebunt
848 2071 1071 2150 spissitudinem
1104 2075 1195 2152 passi,

178 2163 322 2222 miscetur
351 2161 397 2220 his
426 2160 520 2220 mellis
548 2161 640 2220 Attici
666 2159 697 2220 P.
721 2161 747 2239 l3
781 2159 888 2221 deinde
920 2161 952 2220 in
978 2159 1085 2237 patella
1114 2162 1194 2220 aeris

180 2249 281 2329 Cyprii
304 2267 394 2327 super
418 2246 562 2308 carbones
586 2251 682 2327 posita
705 2249 885 2328 infervescit,
909 2247 1004 2308 donec
1028 2247 1125 2308 mollis
1143 2247 1193 2308 ha-

182 2336 250 2397 beat
273 2354 332 2397 non
355 2338 479 2396 nimium
503 2335 608 2415 liquidi
632 2337 870 2418 spissitudinem,
898 2343 986 2416 atque
1010 2338 1051 2397 ita
1075 2339 1193 2416 reponi-

182 2435 233 2486 tur
256 2427 286 2486 in
310 2424 417 2504 pyxide
441 2427 518 2485 aeris
538 2424 648 2504 Cyprii.
682 2425 756 2487 Cum
780 2444 855 2506 opus
879 2434 933 2506 est,
956 2427 1116 2486 invertitur
1134 2424 1195 2504 pal·
1209 2439 1236 2480 25

181 2512 273 2593 pebra
300 2522 331 2573 et
358 2531 412 2592 per
440 2513 595 2592 specillum
622 2515 789 2594 adponitur.
836 2513 921 2585 Quod
945 2514 1195 2575 medicamentum

181 2601 353 2664 suflricatur
385 2603 503 2663 curiose
536 2604 566 2663 in
599 2604 685 2664 oculo
714 2603 749 2664 ad
778 2601 1049 2664 delacrimationem
1080 2611 1111 2663 et
1142 2601 1196 2662 ubi

182 2691 306 2751 desierit
326 2691 472 2773 mordere,
496 2710 602 2753 rursus
621 2694 730 2753 inverti
748 2691 897 2771 oportebit
915 2691 1085 2772 palpebram
1105 2699 1194 2770 atque

181 2783 220 2840 ita
249 2779 356 2858 pollice
378 2782 514 2860 inpresso
542 2781 730 2842 membranas
757 2783 895 2841 innantes
925 2782 1087 2861 adducere,
1118 2797 1193 2858 quae

178 2867 263 2928 lacile
292 2867 527 2951 subsequentur;
558 2879 626 2950 post
657 2869 714 2930 boc
748 2871 867 2930 cinereo
901 2869 1022 2950 collyrio
1052 2888 1088 2930 ex
1116 2886 1233 2947 aquaso

177 2958 340 3036 inungendi
363 2965 452 3019 erunt
477 2958 553 3020 oculi
578 2961 717 3020 crassius,
760 2957 823 3019 Hoc
844 2959 1093 3019 medicamentum
1117 2957 1191 3018 mul-

177 3055 276 3107 torum
300 3065 445 3108 annorum
469 3046 560 3108 callos
583 3055 613 3108 et
636 3046 837 3127 aspritudines
858 3046 1067 3126 palpebrarum
1087 3047 1191 3126 despe-

176 3143 255 3196 ratas
284 3135 505 3215 a-quibusdam
533 3135 657 3197 medicis
681 3135 820 3198 oculariis
846 3139 950 3214 paucis
974 3135 1080 3196 diebus
1105 3134 1191 3196 tollit.

124 3223 342 3306 121Collyrium
361 3224 397 3285 ad
416 3223 525 3306 ulcera,
543 3224 667 3304 papulas
686 3232 716 3286 et
735 3225 907 3304 epiphoras:
926 3223 1063 3286 Cadmiae
1077 3223 1104 3285 ll
1118 3223 1192 3303 Vlll,

248 3438 263 3486 9
283 3430 430 3502 specrllum
449 3429 618 3511 Stephanus:
637 3429 777 3500 spirillum
797 3430 958 3488 Carnarius.
1033 3437 1065 3488 te
1084 3432 1191 3504 mysius

177 3501 336 3559 Corcoriue.
409 3507 443 3558 26
463 3499 604 3571 spicillum
623 3502 781 3558 Cornacum
