2518 3806
540 137 577 146 —
627 101 780 165 368-

151 265 226 324 cinis
249 261 416 323 levissimus
440 263 569 323 admixto
594 264 737 340 sanguine
760 259 873 322 bubulo
900 259 1041 320 subactus
1062 268 1093 320 et
1114 263 1175 321 im-

150 353 274 430 positus.
1253 405 1254 430 ,

115 451 132 500 8
241 437 393 499 Vettonica
416 457 484 500 cum
508 457 583 518 aqua
607 438 643 498 ad
666 440 771 499 tertias
795 437 916 498 decocta
940 454 974 497 ac
993 439 1079 514 potui
1098 437 1176 498 data
1253 433 1254 438 ’

151 530 275 607 ipsaque
299 546 366 588 cum
387 527 539 588 decoxerit
557 530 628 588 trita
647 535 736 606 atque
755 527 888 605 adposita
906 525 1054 604 podagrae
1073 525 1175 603 pluri-

116 628 233 677 emum
260 616 406 677 medetur.
447 615 545 676 Herba
573 617 704 696 senecio,
733 632 808 694 quae
834 616 865 674 in
888 613 996 692 tegulis
1020 617 1202 695 nascitur,s

151 724 219 765 cum
239 704 299 765 sale
318 707 388 765 trita
407 706 471 764 vice
489 704 672 782 malagmatis
689 705 826 782 imposita
845 702 1014 781 podagricis
1033 703 1172 780 prodest

99 805 132 854 10
240 792 382 871 Malagma
409 795 650 871 potentissimum
678 792 714 852 ad
742 791 916 870 podagram,
944 790 980 849 ad
1009 790 1174 872 fracturas,

151 881 188 942 ad
215 890 361 961 tumores,
389 881 426 942 ad
454 881 671 961 condylomata,
699 882 788 940 etiam
816 879 852 939 ad
880 881 997 939 renium
1022 878 1172 962 dolorem,

151 972 177 1030 si
195 969 255 1030 illic
273 973 452 1050 imponatur,
476 970 555 1049 quod
574 970 640 1030 fieri
659 976 776 1047 oportet
795 967 952 1048 speciebus
973 967 1050 1027 inira
1070 970 1170 1046 scrip·

150 1061 190 1119 tis
214 1061 270 1119 sio:
293 1057 427 1138 Asphalti
449 1058 548 1138 pondo
573 1076 675 1137 unum,
700 1075 786 1118 cerae
805 1056 904 1136 pondo
922 1074 1025 1129 unum,
1044 1059 1166 1117 resinae
1183 1075 1209 1114 ιο

151 1147 314 1208 ooloioniae
336 1147 435 1225 pondo
459 1165 560 1227 unum,
583 1148 660 1224 picis
683 1145 816 1206 Bruttiae
840 1144 938 1223 pondo
958 1161 1060 1224 unum,
1085 1144 1167 1205 chal·

150 1235 249 1294 citidis
272 1234 304 1293 P.
322 1233 349 1312 1,
373 1251 494 1312 spumae
519 1235 634 1312 argenti
657 1236 855 1314 sescunciam,
879 1250 1017 1293 cerussae
1042 1251 1166 1294 sescun-

150 1324 235 1401 ciam,
258 1321 396 1380 aluminis
418 1321 541 1381 rotundi
562 1323 755 1402 sescunciam,
778 1321 916 1382 aluminis
936 1322 1023 1382 scissi
1041 1339 1166 1381 sescun-

150 1411 239 1491 ciam,
262 1411 372 1489 misyos
396 1411 594 1491 sescunciam,
618 1409 710 1488 gallae
734 1411 932 1490 sescunciam,
956 1411 1017 1487 opii
1040 1411 1166 1470 seminis

150 1501 344 1578 sescunciam,
364 1501 542 1577 opopanacis
561 1500 755 1578 sescunciam,
775 1499 854 1558 aloes
869 1499 1063 1578 sescunciam,
1083 1516 1205 1577 mys-15

149 1606 199 1648 rae
225 1589 422 1668 sescunciam,
446 1589 523 1648 turis
547 1587 703 1648 masculini
726 1590 924 1666 sescunciam,
947 1585 1058 1646 herbae
1081 1605 1167 1646 man-

149 1676 292 1754 dragorae
309 1709 347 1719 —
363 1675 376 1736 1
392 1675 421 1756 S,
435 1678 512 1736 aceti
526 1676 604 1755 quod
620 1676 756 1736 subiciat.
780 1675 861 1746 Quae
876 1674 1025 1735 tundenda
1041 1674 1167 1755 luerint,

149 1764 258 1826 tundes
285 1773 316 1824 et
343 1783 461 1844 cernes,
492 1783 568 1843 quae
591 1764 819 1844 liquefacienda,
846 1763 882 1823 ad
908 1765 1006 1841 ignem
1030 1763 1166 1824 resolves

150 1862 180 1914 et
198 1852 292 1913 colata
310 1855 341 1912 in
360 1871 453 1914 unum
472 1852 667 1932 permiscebis
686 1860 716 1913 et
734 1851 795 1912 leni
813 1869 921 1930 vapore
938 1852 1016 1929 iguis
1030 1853 1166 1912 tenuiter

150 1941 299 2020 decoques
323 1948 353 2001 et
376 1949 459 2001 aceto
482 1940 623 2020 paulatim
647 1959 841 2021 consperges3
865 1939 971 2000 deinde
990 1939 1081 2000 iacies
1102 1948 1165 2000 tro·
1179 1957 1202 1996 so

150 2029 280 2109 chiscos,
312 2031 365 2109 qui
392 2029 520 2090 habeant
547 2029 657 2108 singuli
680 2061 722 2072 —
746 2029 845 2109 binas,
874 2046 962 2108 quoS,
991 2045 1059 2088 cum
1087 2047 1165 2090 usus

149 2120 290 2198 exegerit,
308 2117 368 2178 leni
389 2119 457 2196 igne
476 2116 606 2178 resolves
625 2125 656 2178 et
674 2119 718 2178 sic
736 2116 862 2197 pedibus
881 2117 1063 2195 malagmatis
1077 2135 1164 2178 more

149 2209 292 2285 impones.

97 2308 129 2356 11
238 2294 413 2355 Remedium
435 2301 683 2373 praesentaneum
706 2294 742 2354 ad
765 2293 925 2372 podagram
948 2300 979 2352 et
999 2310 1162 2353 nervorum

149 2390 179 2442 et
205 2381 307 2441 lateris
334 2392 365 2444 et
387 2385 505 2443 renium
533 2390 563 2443 et
585 2382 755 2443 lumborum
778 2381 895 2442 dolores
918 2388 949 2440 et
971 2381 1008 2441 ad
1031 2388 1162 2442 strumas
1177 2399 1202 2440 ss

149 2478 179 2530 et
198 2469 233 2530 ad
253 2471 403 2548 parotidas
422 2479 452 2531 et
470 2471 622 2550 paniculas
641 2474 698 2532 sic:
721 2470 874 2531 Pumicem
893 2471 1049 2550 marinum,
1072 2467 1161 2530 bacas

147 2557 237 2636 lauri,
267 2561 438 2637 aeruginem
468 2578 562 2639 aequo
590 2559 722 2638 pondere
746 2557 912 2618 contundes
935 2565 965 2618 et
987 2565 1068 2618 teres
1091 2575 1159 2618 cum

147 2648 251 2725 pipere
275 2655 304 2708 et
328 2647 397 2727 sale,
421 2655 564 2726 quantum
583 2650 749 2708 aestimaris
767 2664 855 2726 posse
874 2645 1026 2726 sufficere3
1050 2645 1159 2705 adicies

148 2745 178 2794 et
200 2735 276 2814 picis
299 2734 391 2794 durae
415 2743 445 2795 et
463 2735 522 2796 olei
541 2746 571 2796 et
589 2736 685 2796 mellis
703 2735 886 2814 aliquantum
906 2743 936 2795 et
954 2733 1043 2794 simul
1062 2736 1159 2794 omnia

147 2840 243 2901 usque
263 2821 298 2882 ad
318 2822 541 2900 spissitudinem
561 2824 709 2902 decoques
724 2833 754 2884 et
768 2823 862 2884 colata
876 2841 944 2883 oum
959 2822 1023 2882 oleo
1039 2822 1158 2901 Syriaco
1172 2840 1197 2880 so

148 2909 269 2989 subiges
292 2918 322 2970 et
344 2929 399 2989 pro
423 2911 604 2992 malagmate,
627 2931 696 2973 cum
719 2930 795 2992 opus
818 2911 917 2991 luerit,
940 2912 1044 2972 uteris.

96 3012 128 3061 12
237 2998 417 3078 Compositio
436 2998 634 3061 Mithridatico
653 3001 689 3062 ad
708 3000 867 3080 podagram
886 3008 917 3060 et
934 3017 1093 3059 nervorum
1108 2999 1158 3059 do·

147 3087 226 3148 lores
250 3096 280 3148 et
303 3091 521 3149 contractiones
545 3091 602 3150 sic:
630 3088 722 3150 Cerae
746 3090 863 3149 unciam
886 3105 989 3168 unam,
1012 3086 1158 3147 medullae

148 3179 282 3237 cervinae
307 3176 476 3238 drachmam
499 3176 521 3258 1,
544 3177 639 3256 adipis
658 3179 777 3238 ursinae
797 3175 967 3236 drachmam
985 3174 1007 3256 1,
1031 3177 1159 3236 cinnami

238 3386 269 3434 19
288 3381 345 3435 leni
364 3383 477 3452 scripsi:
501 3382 558 3438 levi
578 3382 738 3437 Ooroariue.
838 3386 872 3435 22
891 3380 950 3435 leni
967 3381 1080 3450 aoropsi:
1102 3381 1158 3436 levi

148 3447 307 3505 Oornarius.
