2636 3790
469 79 700 147 ·-o-

90 261 202 304 venere
218 261 339 323 quoque
353 242 420 304 abst
407 244 571 324 tinendum,
591 247 710 323 parcius
724 247 812 307 etiam
826 247 1027 309 ieiunandum.
1062 248 1107 310 Ab

36 334 150 400 boc
169 349 280 393 causus
299 342 442 412 tempore,
467 333 496 393 id
517 342 563 394 est
581 351 597 393 a
616 333 670 394 llll
689 333 757 395 idus
774 333 965 440 Novembres,
986 340 1107 416 sanguis

36 429 38 472 i
91 421 207 502 delicit3
231 424 371 500 congruit
394 423 486 500 igitur
508 420 669 483 levioribus
692 422 767 484 cibis
787 426 839 498 uti,
861 426 929 486 vino
953 426 1106 506 indulgere

91 529 149 571 nec
171 529 231 572 usu
251 513 371 571 renerio
390 509 590 572 abstinerem
610 510 674 572 Vlll
693 510 755 572 Kal.
775 511 899 594 lanuar,
922 531 958 574 ex
982 533 1040 594 quo
1064 517 1107 576 in·

66 601 165 679 acipit
184 607 306 678 tempus
324 598 492 660 hibernum
529 598 618 680 Haec,
642 607 676 661 ut
695 600 764 676 dixi,
787 599 948 662 observans
966 603 1108 664 incolumi

91 690 238 766 sospitate
261 689 340 749 ritae
363 689 457 767 spatia
480 696 671 749 transcurres
699 707 754 750 nec
782 688 842 750 ulla
868 686 1016 769 indigebis
1040 693 1107 752 visi-

90 779 205 838 tatione
226 785 279 838 aut
301 779 455 838 curatione
477 777 671 838 medicorum.

136 988 308 1070 Epistula
333 988 402 1049 alia
425 989 586 1049 eiusdem
610 987 844 1070 Hippocratis
867 1009 908 1051 er
932 989 1068 1052 Graeco

346 1077 524 1138 translata
547 1077 588 1138 ad
611 1075 857 1139 Maecenatem.

182 1219 281 1290 Quem
296 1221 412 1297 roganti
427 1218 481 1280 tibi
495 1218 628 1280 libellum
642 1221 775 1302 promisi,
794 1223 875 1281 omni
889 1239 961 1282 cura
976 1221 1106 1283 adbibita
1127 1221 1141 1270 1

91 1309 281 1388 descriptum
313 1309 396 1389 misi,
428 1308 683 1369 ordinatissimum
717 1316 784 1369 tuae
813 1309 916 1371 salutis
944 1311 1107 1392 custodem,

54 1413 77 1452 ro
91 1417 182 1478 quem
215 1395 339 1457 debebis
366 1405 426 1457 tam
454 1396 612 1476 diligenter
639 1398 751 1458 intueri
778 1415 865 1477 quam
894 1402 1025 1479 scriptus
1053 1410 1107 1461 est.

89 1487 136 1547 Ad
166 1488 353 1547 curationem
381 1487 459 1546 enim
488 1487 623 1564 corporis
651 1488 696 1547 tui
723 1489 821 1548 omnia
850 1487 1000 1567 explorata
1029 1497 1107 1568 sunt,

90 1594 168 1655 quae
189 1591 374 1635 cumrerum
389 1574 496 1635 ellectu
511 1576 634 1654 conperi
648 1574 845 1655 celeriterque
860 1577 1022 1656 conplexus
1032 1595 1107 1638 sum.

90 1664 210 1725 Intueri
231 1681 302 1741 ergo
321 1681 439 1724 omnem
457 1663 623 1724 medicinae
642 1665 786 1724 rationem
806 1664 937 1726 debebis.
974 1665 1107 1744 Namque

91 1771 147 1832 ego
168 1752 307 1830 diligenti
326 1769 406 1831 cura,
429 1751 500 1812 licet
518 1770 634 1814 summa
652 1751 806 1831 brevitate,
825 1751 1030 1831 conprehendi
1048 1755 1107 1814 sin-

51 1855 76 1896 te
91 1841 162 1920 gula
191 1842 382 1902 curationum
405 1841 624 1921 genera,‘sicut
647 1842 781 1918 proxime
804 1842 836 1900 in
860 1858 894 1901 eo
918 1839 1017 1902 libello
1041 1842 1107 1917 leci,

91 1949 185 2009 quem
203 1928 324 1990 Caesari
342 1937 445 1990 nostro
464 1947 564 1990 coram
582 1937 612 1989 te
631 1927 754 1989 tradidi:
774 1946 847 2007 quas
867 1931 1035 1990 curationes
1054 1949 1108 2009 per

91 2027 187 2080 temet
201 2019 301 2096 ipsum
316 2021 471 2080 aestimare
486 2019 608 2100 poteris,
623 2015 809 2096 sapientibus
823 2019 902 2078 enim
916 2019 993 2078 ratio
1007 2020 1108 2078 venire

90 2110 121 2168 in
148 2106 309 2168 consilium
327 2107 468 2168 adsuevit.
505 2106 600 2168 Omne
622 2108 723 2186 itaque
744 2124 854 2185 corpus
872 2105 1035 2188 bominum,
1058 2121 1142 2185 pen

90 2195 207 2258 cudum
226 2196 396 2277 alitumque,
416 2211 451 2256 ex
471 2202 612 2274 quattuor
630 2194 790 2274 generibus
809 2202 933 2276 constat,
953 2195 1005 2256 sed
1024 2213 1107 2274 prae·

56 2287 185 2364 rocipue
210 2284 376 2346 hominum:
400 2284 508 2365 calido,
532 2283 652 2366 frigido,
677 2286 756 2345 sicco
780 2291 810 2346 et
831 2284 942 2346 umido.
988 2283 1108 2364 Frigido

95 2376 176 2434 enim
196 2374 389 2433 continentur
402 2374 525 2452 viscera,
544 2372 622 2434 unde
641 2375 802 2451 spiramus:
821 2372 919 2433 calore
937 2376 1109 2435 continetur

95 2464 203 2542 anima,
224 2479 282 2540 qua
301 2463 434 2542 vivimus,
453 2462 483 2522 id
503 2468 548 2522 est
568 2479 624 2540 qua
644 2463 732 2522 vitam
752 2463 905 2523 sentimus.
940 2462 1024 2523 Sicca
1039 2470 1109 2524 sunt

96 2569 173 2630 ossa,
199 2567 275 2628 quae
294 2551 372 2610 vires
391 2551 504 2610 iaciunt
522 2549 558 2610 ad
584 2549 793 2610 sustinendum
816 2549 961 2611 laborem:
989 2550 1109 2611 umidus

96 2648 143 2700 cst
162 2640 295 2720 sanguis,
313 2657 372 2716 quo
391 2637 480 2698 alitur
498 2639 565 2698 vita.
593 2637 651 2699 Per
670 2640 768 2700 omnia
787 2640 866 2699 enim
885 2640 999 2700 viscera
1017 2657 1108 2700 venae

56 2743 81 2782 ss
95 2735 235 2807 currunt,
258 2745 333 2806 quae
357 2728 531 2805 sanguinem
553 2734 670 2805 regunt.
708 2726 835 2805 Sanguis
854 2729 989 2808 animam,
1013 2730 1109 2788 anima

94 2819 187 2877 vitam
212 2817 348 2896 sustinet,
373 2816 496 2894 spiritus
520 2823 618 2875 autem
642 2817 719 2876 airis
741 2823 795 2876 est.
833 2815 907 2876 Ossa
928 2817 1027 2876 nervis
1045 2835 1109 2877 mu·

93 2908 157 2966 nita
193 2905 334 2966 viruitem
364 2904 483 2982 corpori
512 2912 672 2982 praestent.
720 2903 846 2982 Sanguis
874 2922 942 2965 cum
970 2902 1145 2984 abundate

93 2992 296 3054 valetudinem
319 2995 411 3054 vitiat.
457 2991 502 3052 Ex
525 3010 560 3053 eo
583 2995 717 3054 nascitur
740 2994 852 3074 sanies,
881 3011 969 3072 quam
992 2995 1023 3053 in
1047 2992 1108 3054 vul·

94 3081 222 3198 neribus
245 3083 335 3142 sectis
357 3081 505 3162 ridemus3
528 3083 662 3143 nascitur
685 3090 715 3142 et
737 3083 853 3163 pituita,
876 3098 952 3160 quae
975 3083 1109 3142 nausiam

169 3240 183 3288 1
210 3233 314 3289 codd.
338 3249 425 3304 cupro
448 3235 548 3289 lineam
572 3238 635 3289 atate
657 3249 757 3289 venere
776 3239 836 3289 2m
928 3233 1039 3288 dvitiae
1058 3248 1108 3287 om.

94 3311 129 3359 20
153 3303 279 3372 humido,
302 3305 365 3359 iden
388 3310 422 3359 23
447 3305 586 3360 humidus.
676 3310 711 3360 at
729 3320 780 3373 per
798 3305 870 3359 deest
892 3304 991 3358 litterae
1008 3303 1110 3371 paucio

93 3377 189 3432 masis
263 3375 358 3430 omnia
380 3376 468 3446 enim]
497 3391 562 3430 osea
584 3378 620 3430 et.
693 3379 728 3428 25
747 3375 1107 3429 ourant1mournnt2m.

95 3452 128 3502 28
147 3445 343 3501 valitudinem.
