2528 3814
494 129 730 193 -327-

105 311 195 372 quam
217 294 367 372 potionem
392 290 515 352 colatam
540 291 670 352 admixto
692 291 811 369 paululo
834 291 927 353 mellis
947 293 1116 356 calefactam

106 383 191 460 potui
218 381 310 442 dabis.
352 379 468 440 llerbae
490 379 678 440 Britannicae
707 398 797 440 sucus
824 399 933 458 perse
957 382 1038 444 solus
1061 403 1115 463 pro
1136 396 1169 446 11

107 472 195 531 unius
214 472 359 549 cuiusque
378 467 491 529 viribus
510 470 595 547 potui
614 476 750 550 sumptus
770 471 834 529 sine
848 470 981 548 periculo
995 480 1116 553 purgat3

108 577 165 637 quo
189 559 312 620 validius
336 565 435 618 autem
458 559 581 636 purgari
604 557 746 631 volueris,
773 557 830 618 boc
858 557 984 636 amplius
1008 578 1117 641 sumes,

78 648 147 707 sita
173 655 207 707 ut
235 665 405 708 mensuram
435 647 557 708 sextarii
579 665 640 707 non
663 646 796 707 excedas.
837 646 988 708 Lauriculi
1010 651 1116 730 teneri,
1136 663 1170 710 72

105 735 136 794 id
163 743 210 796 est
238 753 337 816 cymae
366 735 455 815 lauri,
483 753 552 796 cum
580 743 687 814 nepeta
715 735 829 796 adiecto
858 734 917 796 sale
942 739 1064 797 contriti
1087 747 1116 798 et

106 843 174 884 cum
201 843 294 903 aquae
321 823 438 903 tepidae
466 823 584 884 hemina
611 825 643 883 in
671 826 790 903 potione
822 827 933 903 sumpti
965 827 1116 886 concitant

105 912 201 973 alvum
224 914 420 992 pituitamque
444 921 475 972 et
496 911 660 972 lumbricos
683 912 822 974 celeriter
843 915 963 974 eiciunt.
1006 913 1116 975 Sabuoi
1135 927 1169 976 13

105 1000 224 1062 coliculi
250 1003 348 1062 teneri
375 1001 491 1062 decocti
518 1019 587 1061 cum
615 1000 679 1060 oleo
708 1009 739 1062 et
760 1020 831 1080 garo
854 1002 1024 1064 manducati
1047 1021 1116 1064 ven-

9 1127 10 1176 3
63 1105 90 1145 10
104 1098 181 1150 trem
204 1093 346 1151 continuo
366 1089 491 1151 solvont.
528 1089 674 1150 fluminis
692 1089 797 1169 liquidi
815 1090 968 1169 paululum
986 1091 1052 1152 lana
1070 1094 1114 1152 in-
1135 1103 1187 1159 14,

9 1177 10 1204 ³
104 1177 237 1239 volutum
265 1187 295 1240 et
322 1179 421 1258 podici
448 1177 616 1240 subiectum
642 1187 745 1240 evocat
769 1188 884 1241 stercus
909 1190 939 1242 et
962 1183 1027 1242 sine
1052 1181 1116 1242 fati·
1184 1172 1189 1253 l

103 1269 221 1346 gatione
245 1268 373 1329 deducit.
1186 1260 1192 1283 *

192 1355 377 1436 Frequenter
405 1358 520 1435 experti
548 1356 725 1418 solutionem
748 1359 861 1418 ventris
884 1358 1041 1419 adfirmant
1064 1358 1116 1419 tali
1135 1368 1169 1417 11

8 1469 9 1474 ’
103 1444 234 1504 remedio
258 1463 289 1505 se
314 1463 379 1504 esse
403 1453 557 1524 purgatos:
585 1445 679 1506 Mellis
703 1445 882 1506 acitabulum
906 1455 936 1507 et
959 1447 1027 1507 salis
1051 1449 1116 1508 triti

7 1528 8 1610 1
62 1546 89 1587 11
104 1531 278 1592 tantundem
305 1551 373 1592 cum
402 1535 479 1593 aceti
506 1535 634 1593 sextario
660 1552 719 1594 uno
744 1534 938 1594 fervefaciunt
961 1545 1049 1613 atque
1073 1537 1114 1595 ita

103 1629 189 1680 nocte
217 1619 273 1680 sub
306 1620 372 1679 divo
405 1620 486 1680 caelo
515 1638 621 1680 sereno
650 1639 699 1680 vas
727 1619 831 1682 leviter
859 1629 996 1699 opertum
1025 1621 1113 1683 relin-

102 1719 199 1788 quum
226 1716 256 1769 et
280 1726 380 1788 mane,
404 1726 472 1768 cum
495 1708 591 1786 pridie
615 1727 688 1769 cena
711 1708 922 1790 abstinuerint,
947 1728 1015 1770 cum
1038 1729 1114 1789 aqua

102 1807 246 1877 quantum
270 1797 398 1858 sufficiat
421 1799 589 1857 minutatim
612 1796 732 1878 bibunt3
756 1816 815 1876 quo
834 1798 911 1858 facto
935 1816 994 1858 non
1017 1799 1113 1860 solum

101 1889 224 1967 ventris,
247 1886 299 1947 sed
323 1887 412 1946 etiam
435 1893 515 1945 atrae
539 1884 606 1945 bilis
630 1905 663 1946 ac
687 1886 770 1946 rufae
794 1886 891 1946 taedio
911 1885 1113 1950 absolvuntur.

59 1992 87 2032 so
103 1975 210 2036 Serum
238 1975 274 2035 de
305 1975 380 2036 lacte
408 1973 519 2035 bubulo
548 1975 663 2035 adiecto
696 1974 782 2034 melle
816 1982 846 2035 et
878 1974 938 2035 sale
969 1983 1112 2055 quantum
1132 1989 1166 2037 '16

101 2066 173 2125 satis
197 2066 235 2124 sit
258 2067 342 2143 potui
365 2071 516 2142 sumptum
540 2073 705 2124 morantem
728 2063 824 2123 alvum
843 2063 966 2142 inpellit.
1004 2064 1112 2125 Serum
1132 2077 1166 2126 11

101 2153 137 2214 de
161 2153 236 2214 lacte
260 2154 370 2232 equino
393 2155 477 2231 potui
501 2151 602 2212 datum
625 2151 710 2213 facile
738 2161 768 2212 et
795 2153 860 2212 sine
886 2152 1018 2230 periculo
1043 2171 1111 2214 ven-

100 2251 177 2302 trem
195 2241 324 2302 molliter
342 2248 458 2320 purgat.
490 2242 645 2302 Asininum
662 2241 707 2301 lac
727 2259 795 2302 cum
809 2239 895 2301 1111111
910 2243 995 2321 potui
1008 2241 1111 2303 datum
1131 2254 1165 2303 '18

100 2338 235 2391 ventrem
259 2330 344 2391 facile
368 2338 398 2390 et
421 2331 485 2390 sine
508 2329 642 2408 periculo
666 2329 760 2390 solvit.

58 2434 86 2475 ss
190 2418 265 2479 Salis
288 2420 395 2480 marini
418 2420 482 2478 triti
505 2427 535 2478 et
558 2417 652 2479 mellis
676 2420 780 2498 optimi
801 2418 967 2497 despumati
986 2426 1016 2479 et
1034 2422 1112 2481 aceti
1131 2431 1165 2481 19

101 2507 230 2569 1111111111
253 2509 420 2568 semuncias
444 2506 575 2585 singulas
598 2509 629 2567 in
652 2525 744 2568 unum
768 2506 908 2568 miscebis
932 2516 961 2568 et
983 2515 1063 2568 teres
1083 2517 1113 2570 et

100 2615 193 2675 aquae
216 2596 343 2656 mundae
367 2595 492 2674 frigidae
516 2597 700 2675 quartarium
723 2594 834 2656 adicies
853 2603 883 2656 et
901 2596 1063 2674 coagitabis
1082 2606 1113 2659 et

100 2687 219 2746 ieiunus
243 2684 417 2746 calefactum
440 2684 547 2744 leniter
575 2683 672 2764 bibes3
700 2692 764 2745 tum
792 2683 994 2746 deambulabis
1023 2694 1113 2765 atque

100 2777 179 2834 inter
198 2772 445 2834 deambulandum
465 2772 588 2833 calidam
611 2790 717 2852 aquam
741 2773 890 2854 paulatim,
915 2776 1114 2853 (1111111111-

58 2880 86 2919 so
101 2881 168 2923 sum
191 2862 290 2942 fuerit,
313 2879 426 2942 sumes3
450 2868 588 2940 potenter
611 2861 667 2923 boo
690 2862 822 2922 remedio
841 2870 975 2923 ventrem
995 2881 1111 2924 moran·

101 2960 162 3013 tem
184 2950 319 3029 bilesque
343 2949 493 3029 purgabis.

189 3038 331 3117 Malagma
353 3039 558 3117 purgatorium
583 3038 618 3099 ad
637 3038 788 3120 parvulos,
809 3041 836 3100 si
854 3038 891 3099 ob
910 3039 1112 3100 infirmitatem
1131 3050 1167 3100 80

100 3131 252 3209 potionem
266 3130 468 3207 purgatoriam
482 3126 584 3187 bibere
599 3135 651 3188 aut
665 3130 813 3190 sustinere
828 3147 888 3188 non
902 3135 1041 3206 possunt:
1055 3127 1113 3187 Lu-

101 3219 188 3297 pinos
207 3218 316 3278 crudos
336 3217 431 3277 siccos
448 3217 479 3276 in
494 3214 579 3276 ollam
594 3234 700 3276 novam
714 3218 821 3276 missos
835 3218 866 3276 in
881 3216 970 3277 furno
984 3214 1113 3276 torrebis

193 3359 206 3406 1
226 3353 349 3422 paululo.
439 3358 455 3405 2
475 3351 652 3406 brittanicae.
752 3348 868 3404 311111.
965 3349 1113 3405 bbeneris.

103 3429 136 3477 10
155 3422 299 3492 paniolum
319 3427 367 3477 1111
386 3423 533 3492 paululum
550 3426 607 3478 2m.
685 3425 719 3476 26
739 3421 844 3476 scilliti.
924 3425 959 3476 30
978 3422 1114 3478 antehoc

100 3495 166 3550 odd.
184 3510 235 3563 per
252 3500 304 3552 2m
322 3511 409 3565 supra
427 3495 475 3550 1111.
548 3493 710 3548 remedium.
