2540 3802
545 108 699 174 -256
748 145 788 157 -

108 286 141 334 13
249 271 293 331 ald
320 274 438 332 renium
467 271 599 332 dolorem
627 272 774 332 confectio
801 271 1005 333 medicaminis
1030 277 1088 335 sic:
1123 276 1176 336 lie·

160 361 242 420 sinae
266 359 429 420 cololoniae
448 359 528 440 -1,
551 359 668 439 galbani
690 393 727 402 —
744 359 766 439 l,
790 363 968 439 opopanacis
989 362 1071 442 -Ι,
1091 382 1177 424 cerac

160 481 203 492 -
228 447 278 528 Vl,
306 451 368 510 seri
395 482 431 492 —
459 448 510 529 Vl,
538 451 683 527 axungiae
710 451 820 509 veteris
843 449 875 510 P.
895 449 921 530 l,
949 458 1034 512 rutae
1062 484 1103 495 -
1130 452 1178 533 lll,

160 536 249 597 bacae
263 537 340 598 lauri
357 572 394 581 -
412 537 461 616 lll,
480 537 590 598 berbae
605 536 730 598 Sabinae
747 569 786 579 -
802 537 852 619 lll,
868 538 925 599 olei
940 549 1086 618 qnantum
1102 560 1178 621 opus

160 628 259 706 luerit,
283 629 406 686 seminis
425 628 539 686 urticae
556 659 598 669 —
613 625 663 686 lll.
699 625 758 686 ista
777 629 875 687 omnia
895 628 984 688 simul
1002 640 1201 708 coquunturs

160 724 191 776 et
214 715 350 776 colantur
369 724 400 776 et
418 717 498 776 circa
517 733 605 775 renes
623 717 655 774 in
673 713 811 793 pellicula
830 715 955 778 alutacia
974 717 1179 796 adponuntur.

109 816 142 865 14
248 804 292 864 Ad
312 806 416 864 urinae
436 803 640 864 difficultatem
660 805 778 864 murino
793 804 861 864 limo
875 808 1077 866 summitatem
1093 826 1179 868 vere·

160 894 200 952 tri
223 892 269 952 vel
293 895 386 953 imum
409 903 543 952 ventrem
567 891 652 952 inlini
674 892 806 971 prodest.

109 993 141 1043 15
249 981 292 1041 Ad
322 981 468 1042 calculum
495 982 735 1060 expertissimum
759 981 924 1042 remedium
947 984 1004 1043 sic:
1031 983 1179 1064 Asparagi

160 1068 275 1130 radices
300 1079 330 1130 et
354 1071 543 1148 saxifragum,
566 1069 669 1148 lappae
693 1069 837 1150 radicem,
861 1071 920 1148 apii
943 1071 1069 1152 radices,
1093 1072 1178 1134 ebuli
1194 1092 1216 1132 1o

160 1157 285 1237 radices,
310 1157 359 1217 alii
382 1161 478 1236 capita
497 1161 563 1238 tria,
586 1159 653 1218 folia
676 1157 782 1236 salicis,
806 1157 972 1236 petrosilini
991 1158 1179 1223 Macedonici

160 1246 319 1306 modicum.
360 1245 441 1306 Haec
468 1247 566 1306 omnia
593 1257 731 1307 conteres
757 1256 787 1306 et
810 1247 949 1307 miscebis
973 1257 1063 1308 etex
1087 1269 1177 1328 passo

160 1333 288 1394 bibenda
307 1352 361 1412 per
380 1334 513 1395 triduum
532 1335 629 1416 dabis,
653 1337 679 1394 si
697 1353 818 1414 passum
832 1353 892 1396 non
907 1336 1006 1416 luerit,
1026 1355 1063 1397 ex
1080 1338 1177 1398 mulso

160 1421 206 1482 vel
226 1423 346 1483 condito
361 1422 451 1503 bibat,
471 1423 523 1483 sed
538 1426 564 1483 si
579 1443 638 1484 non
653 1423 842 1503 febricitabit,
861 1426 911 1484 cui
925 1425 1106 1486 medendum
1122 1437 1177 1488 est.

109 1523 141 1572 16
250 1511 294 1572 td
318 1511 463 1572 calculum
493 1519 523 1572 et
550 1514 654 1573 urinae
681 1511 885 1572 difficultatem
909 1515 1092 1593 pastinacae,
1117 1515 1176 1576 hoc
1193 1533 1213 1574 n

160 1611 206 1660 est
224 1599 335 1661 holeris
356 1601 434 1680 quod
454 1601 650 1661 manducatur
674 1603 883 1680 summitatem,
906 1601 937 1661 id
961 1609 1007 1662 est
1030 1606 1176 1664 corticem

160 1692 234 1768 eius,
257 1699 339 1750 teres
362 1700 393 1750 et
416 1691 483 1750 vino
507 1691 604 1768 picato
628 1688 822 1768 permiscebis
841 1698 871 1749 et
888 1689 1051 1750 bibendum
1072 1693 1177 1753 ieiuno

108 1790 139 1839 17
160 1778 252 1838 oanis.
284 1778 432 1839 Modicum
452 1779 488 1838 de
509 1781 612 1839 sucino
632 1779 727 1856 lapide
747 1787 777 1838 et
795 1796 937 1857 cyperum
957 1789 987 1838 et
1002 1781 1089 1857 piper
1104 1799 1176 1841 con·

159 1866 267 1927 tundes
291 1875 322 1928 et
345 1885 456 1945 coques
480 1875 510 1927 et
538 1867 670 1928 cocleare
695 1885 787 1927 unum
810 1867 930 1946 plenum
954 1868 1055 1927 ieiuno
1081 1868 1177 1948 dabis,

95 1953 98 1958 '
160 1957 211 2034 qui
234 1957 338 2016 urinae
362 1954 535 2016 difficultate
559 1955 603 2015 vel
627 1955 733 2015 calculi
756 1954 857 2016 dolore
881 1955 1081 2034 torquebitur.
1191 1976 1214 2016 so

108 2055 140 2104 18
248 2044 382 2105 Renibus
401 2043 538 2104 medetur
556 2044 634 2104 alum
650 2043 802 2124 Gallicum,
821 2045 906 2104 cuius
923 2044 1007 2104 radix
1021 2046 1092 2104 trita
1107 2045 1176 2106 dili-

158 2141 263 2212 genter
286 2142 317 2194 et
339 2135 371 2193 in
393 2135 461 2192 vino
485 2132 606 2192 decocta
630 2131 758 2212 bibitur3
781 2132 931 2193 interdum
955 2135 1044 2192 etiam
1063 2135 1104 2192 ita
1125 2135 1177 2194 de-

158 2223 307 2302 coquitur,
326 2230 360 2282 ut
379 2223 509 2300 spissum
529 2221 681 2298 emplastri
699 2238 782 2280 more
801 2220 924 2281 renibus
943 2232 1176 2299 superponatur.

108 2323 140 2369 19
159 2309 257 2369 Renes
271 2309 381 2388 leporis
396 2309 505 2369 crudos
520 2312 545 2368 si
556 2311 623 2387 quis
633 2311 743 2388 poterit
753 2309 881 2389 gluttiat,
895 2312 941 2370 sin
953 2312 1061 2389 minus,
1072 2322 1177 2371 coctos

158 2400 349 2478 transmittat,
372 2401 413 2459 ita
436 2405 470 2458 ut
493 2397 632 2458 dentibus
656 2417 707 2458 eos
730 2415 790 2457 non
812 2399 973 2479 contingat,
997 2399 1056 2458 cito
1075 2417 1172 2460 reme·
1192 2419 1219 2460 so

159 2484 302 2567 diabitur;
323 2487 407 2547 radix
426 2505 545 2565 quoque
565 2489 699 2565 asparagi
717 2505 754 2546 ex
773 2487 841 2546 vino
859 2487 929 2546 trita
948 2495 978 2546 et
997 2497 1065 2564 pota
1085 2488 1174 2564 prod-

105 2586 139 2636 20
159 2583 205 2634 est
227 2577 344 2636 renium
369 2575 472 2635 dolori.
507 2574 596 2642 lbisci
619 2574 724 2634 libram
744 2592 842 2654 unam,
866 2578 1008 2635 stercoris
1027 2574 1107 2634 ovilli
1127 2594 1173 2636 re-

159 2664 254 2722 centis
277 2663 308 2724 P.
328 2663 367 2743 ll,
392 2665 535 2742 axungiae
560 2666 669 2724 veteris
692 2663 723 2723 P.
743 2661 777 2723 ll.
820 2662 898 2723 Haec
922 2665 1019 2723 omnia
1043 2667 1174 2724 contrita

157 2753 271 2829 pariter
299 2751 438 2812 miscebis
467 2761 497 2813 et
524 2754 555 2811 in
583 2751 647 2812 lana
677 2752 779 2812 sucida
807 2751 929 2812 renibus
957 2751 1088 2830 adpones
1110 2771 1173 2812 em·

158 2839 263 2918 plastri
286 2841 382 2919 modo,
406 2845 504 2902 statim
528 2839 670 2918 proderit.
1191 2860 1220 2900 eo

105 2942 137 2990 21
247 2929 291 2990 td
310 2931 441 2989 vessicae
460 2929 591 2990 dolorem
612 2938 641 2988 et
659 2929 695 2988 ad
711 2947 771 3007 eos,
792 2930 843 3006 qui
857 2930 975 2988 urinam
989 2931 1035 2988 vix
1051 2929 1175 3010 faciunt,

157 3017 324 3078 remedium
343 3019 398 3078 sic:
419 3016 547 3078 Seminis
565 3017 739 3095 petroselini
757 3016 878 3096 cyathos
896 3023 967 3098 treS,
987 3016 1175 3095 laenograeci

157 3106 279 3187 cyathos
298 3115 374 3189 tres3
396 3113 505 3168 tostata
523 3105 596 3166 baec
616 3105 781 3166 contundes
800 3105 899 3166 addito
919 3123 1035 3184 myrrae
1054 3105 1174 3166 modico

157 3204 187 3256 et
205 3198 318 3276 piperis
337 3197 438 3276 granis
453 3193 539 3276 Vllll,
554 3196 614 3254 vini
629 3195 743 3274 cyathis
758 3193 883 3254 duobus.
913 3193 1019 3254 Omnia
1032 3196 1064 3254 in
1078 3212 1174 3254 unum

247 3331 454 3388 icolofinioae.
543 3336 575 3386 10
596 3329 763 3386 saxifricam.
852 3334 883 3382 11
904 3328 953 3382 alii
973 3334 1023 3384 im
1041 3327 1103 3383 allii
1122 3334 1175 3385 2m

159 3406 191 3454 13
210 3403 334 3458 tridium.
407 3408 443 3457 20
456 3403 544 3457 urina.
616 3408 649 3456 21
669 3400 1174 3470 11111113εάοῄΡΙίη.η.11.27,41.

157 3473 193 3521 24
212 3473 319 3526 candus.
393 3474 498 3529 coctus.
