2636 3790
502 143 718 208 ,57-

106 309 233 386 positum
265 323 382 366 necnon
415 314 445 367 et
479 306 604 367 laterum
635 305 730 366 dolori
757 305 879 385 prodest
907 304 1044 366 similiter
1071 307 1113 366 in·

106 397 241 475 positum.
287 393 437 475 Empyicis
461 413 530 455 vero
555 393 600 455 rel
623 395 827 474 aemoptyicis,
851 395 880 454 id
905 396 1025 473 estqui
1049 412 1113 482 san-

105 486 222 564 guinem
245 483 281 544 de
304 482 471 544 visceribus
493 502 548 562 per
570 501 604 544 os
627 485 764 564 eiectant,
784 482 925 563 proderit,
952 485 977 543 si
1000 483 1114 544 thoraci

105 572 258 633 inductum
286 572 365 633 aluta
395 575 564 652 inponatur.
610 571 692 632 Facit
726 579 756 633 et
789 571 824 631 ad
858 580 990 632 reumata
1022 573 1113 632 etad

80 661 250 721 sarthritim
278 679 334 740 pro
360 661 533 740 malagmate
560 660 740 742 adpositum,
770 661 917 741 protrahit
940 667 970 720 et
993 661 1114 738 sagittas

104 758 133 810 et
150 749 240 810 sudes
259 755 289 809 et
308 751 333 809 si
353 767 410 828 qua
429 751 548 828 corpori
567 749 759 829 inhaeserint,
782 748 919 810 similiter
938 749 1113 827 adpositum.

103 837 145 898 Ad
168 837 232 897 luca
255 855 325 898 vero
348 837 495 918 pudenda,
518 838 546 897 id
571 845 618 898 est
640 837 676 897 ad
700 855 807 916 penem
831 840 893 898 sire
912 837 946 896 ad
968 837 1113 918 podicem,

103 943 169 986 cum
198 925 317 1005 aliquod
345 923 405 986 illic
433 926 540 987 vulnus
569 927 672 1006 luerit,
703 926 833 987 solutum
865 926 1112 986 medicamentum

103 1032 169 1075 cera
188 1023 218 1074 et
237 1013 301 1074 oleo
321 1017 448 1094 myrtino
468 1015 641 1094 adponetur.
672 1014 704 1075 Si
720 1033 791 1075 vero
804 1014 1001 1076 muliebribus
1015 1015 1113 1074 causis

67 1122 90 1162 ιο
103 1103 193 1163 fauerit
220 1105 435 1185 necessarium,
462 1103 492 1163 id
521 1111 567 1165 est
595 1106 620 1163 si
648 1103 732 1164 rulra
757 1103 890 1164 dolorem
913 1103 959 1163 rel
982 1103 1113 1164 carcino-

102 1199 179 1252 mata
202 1193 398 1270 contraxerit,
425 1199 553 1272 pouetur
576 1210 643 1252 cum
667 1191 732 1253 oleo
756 1195 902 1274 ensinatc,
930 1194 970 1253 ita
996 1199 1031 1252 ut
1054 1209 1113 1252 em·

101 1280 246 1360 plastrum
270 1287 373 1340 contra
396 1278 479 1340 illum
504 1279 610 1362 locum,
634 1283 733 1360 quiin
753 1299 841 1342 causa
861 1290 914 1361 est,
938 1282 1112 1360 adponatur.

102 1369 144 1428 Ad
164 1367 363 1429 carbunculos
382 1387 453 1429 sane
471 1376 502 1429 et
520 1369 675 1430 anthracas
700 1377 730 1430 et
753 1370 890 1430 escharas
909 1369 1024 1449 aliaque
1046 1387 1112 1429 reu·
1131 1375 1164 1426 at

101 1458 269 1517 matinantia
292 1456 338 1516 rel
362 1457 396 1517 ad
421 1465 550 1518 strumas
572 1465 602 1518 et
625 1466 803 1538 apostemata
827 1458 1009 1519 medicamen
1035 1457 1112 1518 soln-

62 1563 87 1604 15
101 1555 164 1605 tum
193 1544 407 1624 aliquantulum
436 1545 521 1606 melle
550 1545 672 1607 debebis
704 1547 861 1627 adponere.
908 1547 981 1607 Cum
1014 1555 1112 1606 autem

100 1641 243 1713 purgatae
272 1634 384 1694 luerint
410 1634 533 1714 pusulae
553 1635 599 1695 rel
622 1634 813 1695 collectiones
837 1643 867 1695 et
890 1635 1025 1714 rrrlnera,
1047 1642 1112 1694 tum

100 1725 165 1782 sine
194 1720 280 1782 melle
314 1721 506 1801 emplastrum
536 1741 603 1784 cum
637 1741 713 1802 puro
744 1723 939 1783 medicamine
972 1722 1112 1800 adpones.

99 1809 185 1870 Facit
213 1817 243 1870 et
270 1810 305 1870 ad
334 1809 508 1872 furunculos
532 1811 668 1872 similiter
692 1813 805 1871 siccum
828 1809 994 1889 adpositum
1024 1818 1053 1870 et
1076 1809 1111 1870 ad

100 1917 220 1959 omnem
238 1897 375 1978 pusulam
395 1909 424 1960 et
442 1899 588 1961 maculam
607 1899 781 1981 curandam,
806 1901 917 1976 rumpit
938 1900 1018 1958 enim
1038 1917 1112 1978 quae

60 2007 86 2046 ao
101 1995 242 2047 concreta
266 1995 336 2048 sunt
359 1995 389 2048 et
411 1997 519 2067 purgat
542 1997 572 2049 et
597 1989 757 2050 cicatricat.
795 1987 868 2048 Cum
888 1993 986 2046 autem
1005 1985 1112 2046 vulnus

99 2083 160 2155 est,
188 2075 226 2138 de
255 2093 314 2154 quo
341 2077 507 2138 inmodicus
541 2079 661 2156 sanguis
688 2077 834 2158 erumpit,
862 2075 1028 2154 adpositum
1056 2075 1113 2135 hoc

97 2163 349 2224 medicamentum
376 2164 445 2226 ilico
473 2173 503 2226 et
531 2167 703 2244 sanguinem
732 2166 811 2226 sistit
838 2172 868 2224 et
897 2163 1005 2224 virinus
1028 2171 1114 2224 curat

97 2261 128 2313 et
152 2261 253 2313 cutem
273 2254 451 2332 constringit
469 2263 499 2314 et
518 2255 687 2314 cicatricem
708 2261 827 2315 tenuem
847 2253 925 2314 lacit.
959 2251 1112 2313 Resolutio
1131 2259 1165 2310 22

96 2349 201 2402 autem
233 2339 279 2400 rel
312 2343 476 2420 conpositio
506 2343 673 2421 adponendi
704 2341 877 2403 vulneribus
910 2341 1113 2402 medicaminis

57 2450 82 2490 25
97 2429 169 2490 talis
194 2436 248 2490 est.
272 2428 372 2490 blittes
395 2429 484 2490 huius
508 2431 710 2491 medicaminis
737 2463 773 2474 -
791 2430 831 2491 lll
850 2439 879 2491 et
898 2431 1008 2490 adicies
1027 2448 1112 2491 cerae

95 2551 141 2562 --
162 2516 184 2598 1,
204 2517 261 2578 olei
279 2520 447 2578 veteris-
461 2517 511 2600 Vl;
535 2518 582 2579 his
601 2537 680 2601 vero,
700 2521 751 2598 qui
770 2518 878 2579 habent
897 2527 947 2579 ant
965 2521 997 2578 in
1016 2521 1113 2597 capite

95 2615 150 2668 ant
174 2609 205 2667 in
229 2606 352 2667 auribus
375 2615 426 2668 ant
449 2609 479 2667 in
499 2607 621 2668 naribus
640 2625 743 2668 causas
763 2615 792 2668 et
811 2607 940 2685 vulnera,
964 2608 1112 2686 adponen-

94 2697 170 2757 dum
199 2697 242 2756 sic
270 2693 402 2756 resolves
429 2695 611 2757 medicamen
642 2699 706 2757 sine
734 2713 815 2777 cera,
843 2695 940 2756 oleum
965 2713 1035 2756 sane
1059 2713 1113 2774 pro

93 2793 244 2865 tempore,
267 2784 298 2844 id
321 2792 367 2844 est
390 2786 417 2844 si
439 2793 536 2846 aestas
557 2785 656 2866 fuerit,
679 2786 778 2846 miuus
797 2785 921 2845 adicies:
945 2787 970 2844 si
988 2784 1112 2864 hiemps,

52 2894 78 2933 ao
94 2872 227 2953 amplius
255 2872 404 2934 infundes.
449 2872 533 2934 Facit
560 2885 590 2936 et
617 2875 653 2935 ad
681 2892 799 2935 morsus
827 2873 956 2934 hominis
979 2881 1009 2933 et
1032 2875 1114 2934 cauis

92 2961 204 3022 rabidi.
250 2960 414 3022 Ncrvorum
443 2980 562 3041 quoque
592 2965 752 3024 incisiones
775 2961 822 3022 rol
845 2961 1013 3022 collisiones
1037 2961 1113 3022 salu-

92 3050 195 3111 briter
219 3057 317 3131 curat3
346 3049 455 3129 quibus
481 3069 550 3112 cum
574 3051 752 3112 medendum
775 3051 878 3131 luerit,
902 3049 992 3110 addes
1016 3049 1113 3110 oleum

91 3157 256 3200 rosaceum
284 3157 352 3198 cum
380 3139 496 3200 modico
525 3149 608 3200 aceto
637 3141 719 3200 lanae
744 3139 864 3200 sucidae
886 3139 994 3199 inluso.
1040 3137 1113 3198 Cum

92 3235 199 3288 autem
233 3227 407 3306 adposueris
439 3228 486 3288 his
519 3230 618 3289 causis
654 3229 711 3288 hoc
743 3227 1008 3304 medicamentum,
1046 3233 1114 3302 post

170 3367 187 3416 2
216 3362 407 3432 eemopioicis.
515 3369 533 3416 4
560 3359 925 3415 threumcn=··ehraumeea
954 3357 1112 3412 Carnarius.

91 3431 294 3488 5arcthrisim,
342 3439 374 3488 le
384 3434 513 3490 escharas
536 3431 695 3486 scharadas.
744 3435 776 3480 19
791 3425 903 3478 malam.
951 3431 985 3474 aa
995 3423 1112 3488 hiemps.

89 3509 129 3558 30
150 3503 292 3557 infundas.
367 3510 399 3556 31
419 3505 465 3555 rel
484 3517 517 3552 co
531 3500 644 3552 lisio'nes
663 3515 711 3550 om.
