2564 3794
470 161 708 226 -115-

82 325 138 384 Alii
157 322 289 384 tunicula
308 322 355 382 vel
373 324 591 401 operimentum
610 324 675 402 pari
693 325 780 384 modo
798 323 884 384 labiis
902 325 1092 404 profuturum
1111 339 1127 388 7

83 421 115 474 ut
137 413 291 472 baeroscat
309 413 490 490 inprimitur.
522 405 631 472 Serum
650 411 733 472 bovis
752 412 798 472 vel
816 414 901 474 vituli
919 433 988 475 cum
1007 415 1092 494 adipe
1111 428 1128 477 8
1155 448 1158 454 ν

83 503 219 562 anserino
243 501 406 578 inpositum
429 502 519 561 rimas
543 502 747 579 scissurasque
772 503 832 562 oris
856 504 966 580 optime
987 506 1091 582 iungit.

81 591 151 669 Fagi
174 589 243 649 lolia
266 588 509 649 commanducata
532 597 659 667 prosunt
680 589 857 650 exulceratis
876 590 961 652 labiis
981 600 1011 652 et
1029 597 1127 670 gin-9

53 681 162 760 agius,
181 680 207 738 si
226 696 295 737 cum
313 695 418 737 umore
438 677 544 738 salivae
559 680 747 756 inponantur.
777 679 945 758 Serpullum
960 679 1092 760 herbam,
1112 693 1145 741 10

80 786 167 846 quam
186 765 261 826 Galli
285 765 410 844 gilarum
434 767 545 846 dicunt,
569 769 687 827 ieiunus
711 768 762 827 diu
786 769 1020 848 commanducet,
1044 772 1093 829 cui

80 875 112 916 os
135 855 247 936 latebit,
271 863 301 914 et
322 854 447 932 gluttiat.
485 854 621 915 Murinus
643 857 727 935 ciniS,
751 856 781 916 id
805 865 850 917 est
873 855 970 935 pulvis
994 860 1092 917 exusti
1113 868 1144 917 11

79 946 186 1024 muris,
214 961 282 1004 cnm
311 942 397 1003 melle
425 943 565 1004 dentibus
596 944 735 1005 infrictus
767 944 891 1006 halitum
919 945 1003 1006 fetidi
1031 948 1092 1006 oris

80 1033 223 1094 emendat.
269 1031 350 1091 Folia
378 1034 467 1111 myrti
495 1040 525 1092 et
551 1032 669 1092 lentisci
696 1035 762 1112 pari
788 1034 921 1112 pondere
947 1043 976 1095 et
999 1034 1090 1114 gallae
1113 1045 1144 1092 12

40 1138 67 1177 10
80 1121 216 1202 Syriacae
240 1119 395 1180 dimidium
418 1120 536 1198 pondus
559 1139 617 1180 una
641 1123 698 1182 teri
717 1130 835 1200 oportet
854 1131 884 1183 et
903 1141 1004 1202 sparsa
1022 1125 1090 1183 vino

79 1227 164 1270 mane
184 1228 199 1270 a
218 1211 319 1269 ieiuno
341 1209 581 1270 commanducari
604 1209 649 1270 vel
672 1213 718 1270 ori
741 1211 833 1272 fetido
856 1213 967 1290 inponi.
1007 1211 1090 1290 Capi·
1112 1221 1144 1270 13

1 1363 2 1366 ¹
78 1295 117 1360 tis
145 1299 272 1377 leporini
300 1299 398 1358 exusti
425 1299 500 1358 cinis
529 1317 597 1358 cum
620 1299 713 1359 nardo
737 1299 783 1360 val
806 1318 875 1362 crim
898 1301 985 1361 melle
1009 1303 1091 1379 inpo-

79 1390 154 1448 situs
186 1387 260 1447 lenit
291 1385 489 1466 graveolentia
521 1389 582 1447 oris
615 1388 723 1448 ulcera.
772 1389 903 1450 Aoorum
935 1389 1091 1450 Ponticum
1112 1399 1145 1446 14

78 1477 197 1538 ieiunus
219 1477 284 1536 vice
306 1477 438 1535 masticis
462 1476 593 1554 mandat,
621 1479 672 1556 qui
698 1478 850 1539 emendari
877 1477 1005 1540 voluerit
1030 1481 1091 1538 oris

40 1580 65 1620 15
78 1566 211 1626 fetorem.
258 1564 367 1625 Contra
401 1565 462 1623 oris
494 1565 619 1624 fetorem
652 1567 807 1644 origanum
840 1575 870 1626 et
902 1565 993 1626 salem
1026 1569 1091 1644 pari
1111 1575 1143 1623 15

78 1671 218 1714 mensura
242 1660 379 1714 conteres
402 1661 433 1712 et
450 1653 519 1713 inde
538 1671 624 1713 mane
647 1671 681 1713 ac
704 1671 828 1732 vespera
851 1656 983 1732 gingivas
1006 1655 1092 1714 irica·

78 1743 137 1822 bis3
169 1751 202 1803 ut
228 1760 299 1802 vero
327 1760 360 1801 os
388 1748 472 1802 tuum
497 1759 615 1819 semper
637 1741 713 1802 bene
737 1743 822 1821 oleat,
846 1761 989 1822 cyperum
1013 1761 1090 1802 com·

79 1831 222 1891 manduca
251 1829 297 1890 vel
323 1832 402 1890 intra
431 1847 464 1889 os
489 1837 567 1890 tene.
613 1829 784 1890 Oscidinem
806 1830 898 1890 herba
921 1829 1091 1891 Britannica
1112 1840 1144 1888 16

78 1920 182 1981 viridis
206 1927 322 1998 sumpta
346 1921 376 1978 in
400 1917 467 1978 cibo
490 1919 622 1979 lactucae
646 1918 733 1979 modo
762 1927 858 1996 sanat;
886 1921 974 1980 tritae
1001 1921 1090 1980 etiam

39 2025 64 2064 ao
78 2018 167 2088 atque
196 2025 354 2086 expressae
383 2025 474 2068 sucus
504 2009 530 2067 si
558 2025 609 2068 ore
633 2009 833 2086 contineatur,
861 2009 937 2068 mire
960 2008 1091 2086 prodest.

78 2097 164 2168 Quod
193 2099 218 2156 si
246 2095 370 2157 viridem
398 2114 458 2156 non
485 2095 639 2176 habueris,
671 2096 782 2156 aridam
811 2096 934 2156 infunde
962 2097 1030 2156 vino
1063 2105 1093 2157 et

78 2186 185 2246 deinde
210 2203 293 2246 sume
317 2203 381 2246 eam
405 2193 435 2245 et
453 2185 586 2263 exprime
605 2184 747 2264 illumque
767 2203 872 2245 sucum
891 2187 969 2246 intra
991 2203 1024 2245 os
1043 2185 1091 2246 ad·

78 2275 164 2335 sidue
183 2283 251 2334 tene
270 2281 321 2334 aut
340 2275 428 2333 etiam
447 2273 600 2354 gargaliza‚
619 2276 694 2334 mire
712 2274 843 2352 prodest.
877 2273 962 2334 Cicer
981 2273 1091 2335 colum·
1112 2283 1144 2331 17

77 2363 182 2423 binum
210 2373 392 2422 maceratum
419 2364 583 2440 tritumque
614 2371 643 2422 et
670 2363 797 2441 gingivis
820 2361 937 2422 inlitum
960 2363 1091 2442 prodest.

38 2465 64 2506 ss
77 2452 184 2513 Ulcera
207 2454 391 2530 gingivarum
415 2450 655 2530 tossillarumque
681 2451 878 2512 carbunculos
898 2451 954 2512 hac
976 2454 1092 2513 ratione
1113 2459 1145 2508 18

77 2540 212 2602 curabis:
235 2539 374 2600 Polentae
397 2547 498 2617 partes
521 2539 594 2600 duas
614 2544 648 2600 'et
671 2540 740 2600 salis
763 2548 877 2618 partem
903 2557 993 2601 unam
1016 2540 1092 2601 bene

77 2639 234 2690 contusam
253 2630 441 2708 conspargito
461 2647 496 2688 cx
515 2627 621 2708 mulso,
640 2627 746 2689 deinde
765 2647 801 2688 ex
820 2629 866 2688 his
881 2647 972 2707 panes
986 2637 1092 2690 tenues

77 2719 168 2779 facito
198 2735 308 2797 eosque
337 2717 424 2778 furno
452 2725 503 2778 aut
531 2715 647 2778 clibano
674 2719 796 2796 pistoris
820 2719 940 2796 coquito
970 2725 1092 2778 etcum

77 2826 156 2886 opus
180 2807 279 2885 sumit,
302 2805 378 2866 bene
402 2807 547 2866 contritos
570 2825 607 2866 ex
630 2825 706 2885 aqua
729 2807 855 2885 gingivis
873 2806 999 2886 inlinito,
1023 2825 1092 2866 con-

36 2909 63 2949 30
77 2899 164 2957 tinuo
189 2895 381 2955 sanabuntur.
409 2894 532 2954 Arboris
551 2897 642 2973 pruni
660 2893 728 2954 lolia
748 2912 815 2955 cum
836 2896 902 2954 vino
922 2895 1092 2974 decoquun·
1113 2902 1144 2951 19

76 2997 142 3065 tur,
171 3001 275 3044 corum
303 3001 393 3043 sucus
421 3001 580 3062 expressus
608 2985 687 3043 intra
715 3001 748 3043 os
771 2989 906 3044 retentus
929 2982 1090 3062 plurimum

76 3073 211 3152 prodest.
257 3071 420 3132 Galbanum
448 3071 533 3132 melle
560 3071 725 3132 delibutum
753 3071 852 3132 ulcera
876 3073 906 3131 in
931 3089 991 3152 ore,
1017 3089 1091 3150 qnae
1111 3079 1145 3128 2ο

78 3163 186 3222 Graeci
209 3161 334 3239 aphtbas
356 3169 475 3240 vocant,
498 3159 616 3220 inlitum
640 3169 730 3220 sanat.
775 3159 875 3220 Pulvis
898 3161 1092 3220 tenuissimus
1112 3167 1143 3215 21

36 3322 37 3325 ¹
78 3253 157 3312 costi
176 3249 337 3332 ulceribus
360 3267 435 3328 quae
454 3251 485 3308 in
504 3267 555 3308 ore
575 3256 672 3329 erunt,
691 3247 843 3326 adpositus
867 3249 940 3307 mire
961 3247 1092 3324 prodest.

152 3457 231 3528 tut]
252 3457 309 3512 aut.
369 3455 511 3512 sfaetidi.
572 3461 603 3508 11
623 3453 720 3508 fodito.
776 3457 810 3506 15
829 3451 927 3506 fetare.
981 3453 1016 3504 25
1034 3451 1093 3504 tos-

78 3527 277 3595 sellarumque.
328 3532 362 3582 32
381 3525 541 3582 dilibutum.
631 3529 664 3579 33
683 3523 780 3593 aphes.
843 3527 877 3575 34
895 3521 1021 3590 prodest]
1042 3522 1092 3575 est.

897 3608 933 3662 8*
