2540 3802
497 153 735 216 -227-

111 314 182 374 losis
197 313 269 374 haec
284 315 459 396 conpositio,
477 314 529 375 sed
544 314 580 374 ad
596 331 699 375 omnes
713 332 817 375 causas
832 316 940 376 ieiunis
955 325 985 377 et
998 319 1124 379 maxime

112 403 235 482 digestis
260 412 427 482 opportune
451 403 516 462 dari
539 401 635 463 debet.

199 491 243 552 Ad
267 491 400 552 dolerem
426 493 568 552 iocineris
595 491 750 571 physicum
778 492 944 554 remedium
972 495 1029 555 sic:
1062 494 1124 555 Cal·
1143 509 1176 559 21

110 580 195 642 culus
225 583 286 641 sive
313 580 443 660 lapillus,
472 582 523 660 qui
550 598 567 640 a
590 579 738 642 calculoso
761 581 853 642 fuerit
876 583 1004 664 eiectus,
1032 601 1123 662 super

83 673 194 730 siecur
217 668 345 730 delentis
368 669 504 748 alligatus
528 670 628 730 statim
650 669 792 748 proderit

199 757 306 837 Glycea
329 765 397 836 peta
420 765 451 818 et
469 765 602 818 ventrem
621 757 730 819 laxabit
748 767 778 819 et
796 760 922 819 iocineri
939 759 1074 838 proderit
1093 768 1123 821 et
1141 776 1175 824 22

9 873 10 908 1
110 846 268 925 digestioni
292 846 437 907 stomachi
459 845 662 927 opitulabitur,
686 865 774 926 quam
797 847 928 926 glyceam
954 849 997 908 sic
1016 848 1122 910 facies:

108 935 193 996 desti
212 932 243 995 θ
263 933 286 1014 Ι,
307 934 402 995 mellis
421 934 452 994 P.
471 935 507 1015 ll,
529 934 608 996 aloes
630 967 667 978 -·
689 934 738 1010 ΙΙΙ,
761 936 883 997 feniculi
902 936 1017 997 radices
1036 935 1067 998 P.
1087 937 1122 1018 ll,

9 1085 10 1094 ,
109 1042 182 1102 quas
202 1023 316 1084 sublata
336 1025 447 1085 cortice
467 1023 624 1102 diligenter
643 1022 769 1085 siccabis
788 1033 818 1084 et
837 1024 945 1085 tundes
960 1032 1048 1104 atque
1063 1043 1122 1086 una

9 1119 10 1132 ¹
69 1128 94 1169 10
109 1120 196 1173 necte
215 1114 247 1172 in
267 1120 350 1172 aceto
369 1111 541 1194 macerabis,
559 1120 678 1192 postera
698 1131 768 1174 vero
785 1113 832 1172 die
847 1131 996 1193 excoquas
1010 1114 1046 1176 ad
1061 1132 1121 1174 me-

109 1201 172 1262 dias
192 1208 222 1262 et
241 1199 361 1280 celabis,
384 1208 456 1262 tune
479 1200 657 1262 admiscebis
675 1201 734 1262 mel
752 1209 782 1261 ct
808 1219 918 1280 ceques
938 1202 1121 1263 sufficienter

107 1297 196 1369 atque
210 1288 247 1350 ab
262 1291 330 1368 igne
346 1289 493 1351 sublatum
504 1290 704 1369 refrigerabis,
715 1299 748 1350 ut
762 1299 906 1371 tepeseat;
920 1299 1023 1369 postea
1036 1291 1121 1351 aleon

108 1387 187 1439 teres
207 1385 237 1440 et
255 1376 404 1458 miscebis,
427 1387 581 1457 praeterea
600 1381 659 1457 apii
677 1379 780 1439 viridis
799 1397 933 1458 pugnum
950 1378 1073 1458 plenum
1091 1387 1122 1440 et

108 1467 282 1528 tantundem
295 1473 380 1527 rutae
395 1467 498 1528 viridis
513 1467 611 1528 addes.
640 1466 718 1529 llaec
733 1471 831 1528 emnia
845 1468 881 1528 ad
896 1468 1120 1546 spissitudinem

9 1621 10 1626 γ
67 1569 94 1611 re
109 1554 204 1616 mellis
219 1562 302 1616 cocta
316 1554 426 1616 celabis
441 1562 471 1615 et
485 1555 676 1634 refrigerabis
690 1563 778 1634 atque
792 1556 861 1616 inde
876 1556 1019 1616 coclearia
1035 1563 1120 1616 terna

9 1655 10 1712 1
107 1662 176 1704 cum
199 1661 275 1723 aqua
298 1643 391 1704 calida
413 1645 512 1704 ieiuno
537 1651 567 1704 et
591 1645 704 1722 digesto
727 1662 782 1722 per
805 1644 939 1704 triduum
962 1641 1054 1703 dabis.

9 1791 10 1794 ,
196 1731 270 1792 ltem
298 1733 334 1792 ad
361 1734 502 1793 iocineris
528 1731 660 1792 delerem
683 1733 848 1792 remedium
873 1734 928 1792 sic:
960 1731 1118 1813 Lupinum‚
1138 1748 1172 1796 23

9 1825 10 1856 ⁴
107 1819 297 1902 absinthium,
316 1828 441 1902 costum,
463 1821 580 1882 faenum
600 1838 748 1899 graecum,
768 1820 820 1880 sed
842 1820 919 1898 quod
940 1827 1052 1881 testum
1071 1823 1118 1901 sit,

9 1895 11 1942 t
106 1909 171 1988 pari
193 1909 333 1988 pendere.
370 1908 450 1969 Haec
474 1911 553 1970 sicca
576 1909 684 1970 tundes
708 1916 738 1969 et
756 1908 856 1968 cribro
876 1908 1043 1968 medicinali
1062 1912 1118 1970 cri-

10 2039 11 2068 ,
66 2011 92 2052 so
106 1997 220 2078 brabis3
248 1997 327 2057 unde
354 1999 455 2057 ieiune
483 1997 616 2058 cocleare
643 2015 826 2076 propensum
854 2016 890 2066 ex
918 2015 994 2075 aqua
1024 1997 1118 2059 calida

105 2104 160 2165 per
183 2085 316 2146 triduum
339 2085 436 2167 dabis,
460 2086 538 2165 qued
558 2087 736 2147 intermissis
755 2085 868 2164 aliquot
887 2085 992 2146 diebus
1011 2103 1117 2147 rursus

104 2192 160 2253 per
179 2174 312 2235 triduum
330 2174 466 2235 similiter
484 2174 645 2236 bibendum
665 2174 756 2235 dabis.
791 2173 939 2234 Memento
958 2181 1065 2255 tamen,
1085 2186 1119 2236 ut

105 2264 225 2324 faenum
245 2280 384 2341 graecum
403 2262 560 2342 diligenter
578 2270 736 2344 terreatur,
760 2271 794 2324 ut
812 2263 888 2323 bene
910 2263 995 2323 tundi
1013 2265 1116 2343 pessit,

105 2362 135 2413 et
158 2353 256 2412 emnia
279 2351 424 2432 observet,
449 2370 524 2430 qnae
549 2352 626 2412 infra
647 2353 758 2430 scripta
778 2359 856 2434 sunt,
881 2353 932 2430 qui
951 2351 1115 2412 remedium

63 2453 89 2495 sa
104 2448 283 2520 accepturus
306 2442 371 2500 crit.

192 2528 279 2589 Iecur
298 2529 361 2607 lupi
380 2527 527 2590 sublatum
547 2528 615 2590 luna
635 2529 827 2589 decrescente
846 2529 877 2588 in
897 2528 978 2588 fumo
993 2529 1115 2607 ponitur
1135 2541 1169 2592 24
1239 2597 1242 2604 ,

104 2625 134 2678 et
158 2635 227 2678 cum
246 2619 388 2678 siccatum
407 2623 461 2696 est,
484 2618 607 2696 teritnr3
630 2617 699 2678 inde
718 2616 865 2695 particula
883 2618 954 2677 trita
972 2618 1115 2678 miscetur

103 2706 220 2785 pulveri
248 2707 350 2785 aequis
377 2704 565 2784 portionibus
593 2705 669 2767 facte
696 2705 732 2766 de
755 2706 841 2766 faeno
865 2723 985 2786 gracco,
1012 2705 1115 2784 lupino

103 2802 134 2855 et
157 2793 305 2855 absinthio
329 2801 359 2854 et
381 2801 473 2874 cesto,
496 2797 536 2856 ita
555 2801 590 2856 ut
608 2813 644 2855 ex
663 2812 707 2874 ee,
731 2794 810 2873 qued
829 2795 861 2854 in
879 2812 914 2854 se
933 2801 1028 2855 tetum
1046 2812 1115 2872 per-

12 2893 13 2915 *
62 2896 88 2937 ³⁰
102 2885 229 2944 mixtum
252 2883 352 2964 fuerit,
374 2901 514 2944 mensura
537 2884 679 2944 coclearis
703 2881 846 2944 cumulati
866 2882 954 2943 detur
973 2882 1009 2942 ad
1027 2882 1114 2957 diem,

102 2990 163 3032 nen
186 2971 367 3032 febricitanti
390 2990 426 3032 ex
445 2974 513 3032 vino
532 2973 634 3053 mixte,
657 2973 682 3032 si
701 2970 890 3052 febricitabit,
914 2989 949 3032 ex
971 2989 1046 3050 aqua
1065 2972 1114 3052 ita,

102 3068 137 3120 ut
164 3078 219 3139 per
246 3059 379 3120 triduum
407 3059 464 3121 hoc
491 3061 675 3122 medicamen
702 3061 821 3121 ieiunus
847 3061 972 3139 accipiat
995 3067 1024 3120 et
1046 3077 1114 3138 per·

102 3156 185 3210 reete
214 3147 335 3209 brachio
364 3150 395 3208 in
423 3149 527 3210 dextro
555 3149 648 3211 latere
670 3148 717 3210 vel
744 3148 892 3210 semihora
914 3150 1021 3229 iaceat,
1044 3147 1113 3208 inde

102 3237 269 3298 diutissime
294 3236 461 3298 deambulet
484 3246 514 3299 et
536 3239 705 3299 tardissime
729 3237 829 3299 cibum
848 3243 946 3297 sumat
964 3243 994 3296 et
1012 3234 1112 3294 obser·

191 3378 207 3426 2
227 3373 373 3441 oportune.
441 3390 459 3428 0
477 3373 617 3429 necabatis
635 3372 698 3428 dari
716 3370 801 3426 debet
818 3369 921 3426 desiuit
933 3369 1016 3423 codes
1029 3382 1113 3436 osque

101 3443 138 3498 ad
156 3442 257 3512 XXIII,
276 3448 310 3498 st
332 3443 369 3497 ad
387 3443 472 3513 pedes
490 3443 548 3499 lien
567 3442 687 3498 decidat.
797 3447 812 3495 7
832 3437 982 3508 digestioni
999 3439 1112 3507 scripsi:

101 3513 288 3585 digestionem
308 3514 469 3571 ocrearius.
542 3520 558 3570 8
576 3514 679 3569 radicis
699 3512 858 3570 ocrearius.

898 3595 951 3651 15*
