2636 3790
558 139 774 202 „38-

104 312 155 362 104
163 300 263 361 iaciat:
283 303 359 360 intra
382 301 460 360 diem
479 302 673 360 vicensimum
692 299 870 378 personabit.
907 299 1059 359 Brassicae
1080 317 1171 360 sucus
1272 315 1273 320 ’

155 388 279 450 naribus
307 389 424 449 inlusus
453 392 548 468 capite
572 399 697 468 purgato
721 388 853 449 dolorem
878 406 996 466 quoque
1020 390 1085 449 eius
1109 389 1170 448 elli·
1274 461 1275 466 γ

100 480 272 540 105caciter
296 477 406 538 adimit.
444 477 535 538 Radix
560 478 695 557 pyrethri
718 480 749 538 in
773 476 834 537 sole
858 477 908 536 diu
928 477 1171 538 commanducata
1274 467 1275 480 ¹

103 569 247 630 locetiam
278 568 414 646 pituitam
444 565 572 644 expellit.
618 565 707 626 Hiera
736 568 830 626 maior
860 566 971 626 iaciens
1002 566 1036 626 ad
1065 569 1170 644 capitis

153 657 278 716 nimium
311 663 342 716 et
373 663 503 716 veterem
537 654 669 715 dolorem
697 664 727 715 et
757 655 792 714 ad
821 653 987 733 phlegmata
1016 656 1111 732 spissa
1140 663 1196 716 etc

154 747 315 805 constricta
347 743 470 804 laxanda
501 751 532 804 et
559 743 744 823 provocanda
773 761 808 803 ex
837 743 930 804 calida
958 761 1033 821 aqua
1061 745 1170 804 ieiunis

153 833 229 914 data,
252 833 288 894 ad
313 833 485 912 spleniticos
509 851 545 892 ex
569 851 666 912 posca,
691 832 726 892 ad
752 834 882 911 epaticos
905 851 941 892 ex
960 833 1028 892 vino
1048 831 1169 911 Graeco,

153 921 189 982 ad
209 924 396 982 accessiones
415 921 577 982 cotidianas
597 929 664 982 ante
684 923 883 1000 suspicionem
903 921 990 980 datur
1010 939 1046 980 ex
1063 923 1168 1001 muria,

152 1013 221 1089 quia
249 1021 279 1070 et
307 1018 440 1070 ventrem
463 1019 622 1092 temperat3
650 1012 776 1070 maxime
800 1009 923 1088 prodest
946 1012 1035 1070 etiam
1059 1008 1168 1069 melan-

152 1097 275 1159 cholicis
299 1108 329 1158 et
352 1101 565 1178 scotomaticis,
595 1099 689 1158 danda
717 1106 816 1158 autem
845 1097 983 1158 omnibus
1006 1100 1113 1158 ieiunis
1139 1105 1168 1158 et
1184 1115 1209 1154 ro

152 1185 228 1246 bene
252 1187 375 1265 digestis
399 1187 434 1247 ad
460 1187 580 1247 modum
604 1189 688 1247 nucis
712 1186 874 1266 avellanae,
898 1205 974 1266 quae
998 1195 1168 1247 constater

151 1275 308 1354 speciebus
332 1275 391 1336 his·
420 1275 601 1336 Stoechados
621 1309 659 1318 —
678 1275 691 1334 l
711 1267 750 1360 9«
767 1275 825 1354 Vll,
849 1277 958 1353 agarici
978 1309 1016 1318 -
1034 1274 1047 1334 l
1067 1267 1106 1361 ,91
1123 1273 1168 1354 Vl,

151 1362 383 1442 colocynthidas
406 1363 436 1424 id
456 1371 502 1424 est
520 1363 702 1443 cucurbitae,
726 1364 805 1442 quod
826 1363 914 1424 habet
935 1366 1061 1424 interius
1080 1363 1167 1424 molle

151 1453 231 1512 inter
247 1455 359 1512 semina
379 1454 585 1512 siccatum-
599 1411 732 1538 l2Vl,
755 1455 933 1531 opopanacis
954 1444 1067 1537 MV,
1086 1469 1168 1530 saga·

151 1543 219 1620 peni
236 1533 275 1626 9·
290 1540 341 1600 X
340 1540 540 1622 petroselini
556 1534 595 1628 19«
611 1540 669 1622 XV,
689 1540 874 1602 aristolociae
889 1541 1032 1601 rotundae
1054 1533 1092 1626 ᾖ
1107 1539 1167 1621 XV
1183 1557 1208 1597 ra

152 1631 263 1708 piperis
288 1629 346 1690 albi
371 1622 488 1716 2XV,
512 1632 699 1711 cinnamomi,
724 1631 822 1708 spicae
845 1630 942 1710 nardi,
967 1647 1082 1709 myrrae
1106 1637 1167 1689 tro·

151 1717 290 1801 glodytis,
319 1718 396 1800 folii,
425 1721 505 1779 croci
533 1721 636 1780 uncias
665 1718 808 1801 singulas,
837 1717 931 1779 mellis
959 1736 1029 1778 vero
1062 1719 1167 1796 optimi

151 1806 317 1885 despumati
345 1815 460 1868 tantum
486 1810 602 1888 mitteS,
630 1817 775 1886 quantum
802 1807 930 1868 sufficiat
957 1805 1072 1884 pulveri
1101 1824 1166 1886 spe-

150 1897 264 1956 cierum
288 1915 377 1975 supra
401 1898 580 1975 scriptarum
604 1895 768 1976 colligendo
793 1895 828 1956 ad
853 1895 1076 1974 spissitudinem
1096 1913 1165 1955 cou-

124 1992 258 2062 gruent
259 2003 319 2067 em,
343 1985 449 2046 deinde
474 1986 642 2046 confectum
667 1985 880 2046 medicamen'
872 2002 904 2044 m
928 1983 1047 2044 vasculo
1070 1985 1164 2044 vitreo
1180 2000 1207 2040 no

99 2085 148 2135 107
158 2083 209 2134 aut
236 2033 320 2134 fictill
347 2073 403 2134 sub
432 2074 583 2152 signaculo
612 2082 781 2152 reponatur
829 2073 971 2152 Cupressi
997 2073 1166 2132 tenuissimi

99 2173 149 2224 108
158 2162 257 2224 radice
277 2171 366 2240 caput
384 2173 558 2223 coronatum
578 2161 710 2222 dolorem
729 2161 812 2222 brevi
832 2163 924 2239 ponit.
959 2159 1043 2221 Pulei
1061 2160 1166 2220 liorem

151 2249 317 2329 destringes
341 2258 371 2311 et
394 2259 474 2310 teres
497 2269 532 2311 ex
557 2252 633 2311 aceti
656 2249 769 2329 cyathis
793 2248 922 2328 dnobus,
947 2249 1057 2310 adicies
1080 2257 1165 2309 rutae

150 2339 324 2399 tantundem
349 2347 492 2417 quantum
515 2339 595 2418 pulei
619 2346 648 2399 et
672 2357 760 2398 unam
784 2355 887 2416 cepam
913 2347 943 2398 et
967 2337 1036 2398 salis
1054 2337 1166 2398 bolum.

151 2413 225 2487 Cum
242 2429 339 2487 omnia
354 2429 425 2487 trita
439 2436 536 2508 erunt,
551 2427 661 2488 adicies
676 2427 733 2488 olei
747 2427 817 2487 boni
832 2427 970 2506 cyathum
985 2436 1015 2486 et
1033 2429 1165 2487 tenuiter
1180 2442 1206 2483 aa

151 2515 320 2594 subcoques
343 2534 377 2576 ac
400 2515 475 2576 hene
499 2515 693 2596 permiscebis
713 2524 801 2594 atque
820 2515 962 2614 adversus
982 2515 1056 2595 pilos
1076 2527 1166 2594 caput

150 2621 186 2664 ex
210 2622 245 2664 eo
269 2603 427 2683 diligenter
450 2622 608 2684 perunges

590 2763 668 2824 ChP.
688 2763 721 2823 ll.

148 2857 203 2912 Ad
237 2870 355 2912 omnes
384 2857 520 2941 dolores
547 2857 720 2913 emicranii
747 2861 781 2912 et
808 2857 1007 2913 stercoranii
1034 2857 1165 2912 subitos
1274 2819 1275 2864 ἶ

550 2948 584 3002 et
607 2945 767 3002 diutinos.

1274 2879 1275 2918 t

115 3059 129 3106 1
238 3044 393 3105 lliroinum
417 3046 519 3110 timim]
542 3048 647 3107 tritum
671 3065 740 3107 cum
763 3055 846 3108 aceto
869 3045 1003 3107 scillitico
1023 3047 1114 3106 misce
1135 3054 1166 3106 et

149 3134 240 3194 fronti
271 3143 302 3194 et
334 3134 519 3214 temporibus
551 3135 656 3216 inline3
688 3135 744 3196 hoc
777 3136 812 3196 ad
846 3135 978 3196 dolorem
1011 3136 1164 3194 emicranii
1274 3165 1275 3244 y

1274 3245 1275 3300 l

221 3288 322 3346 diere.
396 3288 603 3358 bphleumata.
669 3288 781 3361 lvino]
800 3288 874 3342 feno.
933 3292 965 3340 12
985 3287 1165 3359 stoechades]
1274 3301 1275 3356 ᾗ

149 3361 287 3416 s.treedos
360 3365 394 3415 25
413 3361 518 3431 polum.
592 3365 625 3415 26
645 3361 830 3430 subquoques.

220 3431 369 3502 emigranii
442 3432 606 3504 eerogranii.

221 3507 254 3556 27
275 3503 467 3560 scillitissimo.
541 3511 575 3560 28
595 3501 751 3574 emigranii‚
770 3503 833 3556 item
852 3505 895 3566 39,
918 3505 940 3553 1.
