2636 3790
94 508 139 569 lJe
169 508 358 568 mensuris
387 513 421 566 et
449 505 671 584 ponderibus
698 505 979 568 medicinalibus
1007 525 1048 569 ex

1 587 3 666 l
189 597 330 656 Graeco
354 593 543 656 translatis
568 596 667 655 iuxta
691 594 954 674 Hippocratem.

150 719 250 780 Uncia
272 717 364 778 habet
388 718 543 779 drachmas
566 737 690 780 numero
710 717 787 799 vlit,
811 717 940 798 scripula
965 717 1083 782 Xllllll.

62 809 139 870 ilina
159 809 255 868 habet
274 806 379 867 libram
394 807 408 866 Ι
426 809 529 868 uncias
543 807 578 868 lt.
609 806 718 868 Cheme
738 806 827 868 habet
846 808 925 868 sicut
943 807 1083 870 drachma

63 889 168 983 9111.
194 895 309 957 Obolos
322 895 412 956 habet
429 895 567 956 denarius
582 895 628 956 Vl.
656 895 757 976 Cotyla
773 894 919 974 [hemina]
935 895 1005 957 lacit
1019 914 1084 958 ace·

62 986 162 1048 tabula
189 987 254 1045 sive
280 982 433 1063 oxybapha
458 983 520 1044 1111.
562 983 701 1064 Olyseion
721 985 790 1046 lacit
813 983 949 1046 hemihae
967 993 1083 1065 partem

39 1078 233 1154 sseptimam,
257 1073 338 1152 quod
361 1073 491 1134 lacit-
511 1071 524 1132 l
547 1081 577 1133 et
597 1073 752 1134 drachmas
771 1073 807 1134 11.
849 1073 970 1155 Cotylus
994 1073 1084 1136 habet

65 1162 186 1243 -1111‚
206 1161 289 1240 quod
308 1161 378 1221 lacit
397 1161 517 1240 cyathos
531 1160 558 1221 11
577 1169 608 1222 et
626 1161 770 1223 coclearia
788 1161 833 1225 VI.
874 1161 948 1224 ltem
967 1163 1082 1243 cotylus

62 1252 264 1312 triunoiarius
283 1249 371 1310 habet
389 1249 524 1310 heminae
542 1252 661 1311 tertiam
679 1257 802 1330 partem.
835 1249 1016 1312 Tetrobolon
1037 1259 1083 1314 est

63 1348 170 1420 quarta
194 1356 268 1418 pars
291 1338 435 1398 heminae.
476 1337 607 1399 Ghoenix
636 1341 758 1400 sextarii
780 1339 840 1401 duo
863 1349 940 1401 sunt.
984 1339 1083 1402 Stater

63 1427 207 1508 estquod
224 1429 347 1487 metitur
366 1427 521 1487 drachmas
535 1425 597 1507 1111,
616 1435 662 1487 est
681 1435 778 1489 autem
798 1437 907 1508 quanta
922 1431 1082 1492 semuncia.

30 1532 50 1570 1⁰
63 1518 213 1579 bertarius
228 1525 275 1576 est
290 1523 447 1594 argenteus
461 1515 600 1577 drachma
619 1515 641 1598 l,
660 1516 738 1596 quod
758 1517 827 1578 lacit
847 1510 950 1667 gill.
984 1517 1081 1579 Victo·

62 1610 159 1667 riatus
179 1605 322 1664 denarius
341 1604 460 1664 dimidia
484 1623 553 1683 pars
577 1604 734 1665 drachmae
757 1613 811 1666 est.
876 1605 962 1668 holus
984 1609 1082 1667 minor

64 1695 226 1756 drachmae
246 1700 328 1753 sexta
347 1711 416 1771 pars
435 1701 488 1753 est.
522 1692 651 1772 Cyathus
670 1711 739 1772 pars
759 1701 859 1755 octava
879 1696 1010 1774 sextarii,
1029 1695 1081 1755 sed

64 1785 99 1844 ad
122 1783 246 1863 pondus
270 1781 477 1842 drachmarum
505 1799 574 1860 pars
601 1781 714 1843 decima
737 1789 791 1842 est.
833 1781 1017 1844 Coclearium
1039 1781 1081 1842 di·

64 1872 155 1932 midia
179 1887 252 1949 pars
276 1869 433 1930 drachmae
457 1877 510 1930 est.
548 1869 750 1931 Tetrassarius
774 1872 925 1931 semuncia
949 1878 1002 1932 est.

64 2014 154 2075 item
173 2013 217 2073 de
236 2010 459 2090 ponderibus
483 2019 518 2072 et
537 2013 718 2072 mensuris
739 2009 1082 2073 medicamentorum

118 2121 160 2164 ex
184 2099 281 2160 libro
305 2098 382 2160 xxi
404 2098 516 2160 Plinii
539 2099 777 2162 historiarum
800 2097 1027 2162 naturalium.

31 2256 52 2295 15
155 2223 302 2285 Draohma
316 2225 412 2284 Attica
431 2223 545 2284 denarii
565 2232 611 2285 est
629 2227 762 2303 argentei
781 2224 905 2304 pondus.
936 2223 1081 2286 Draohma

65 2315 170 2376 eadem
189 2311 280 2373 habet
294 2313 325 2372 in
339 2312 470 2392 pondere
486 2312 589 2373 obolos
602 2312 648 2374 Vl.
681 2312 793 2374 Obolus
809 2313 899 2374 habet
913 2313 1031 2376 chalcos
1045 2313 1080 2375 X.

65 2403 198 2484 Cyathus
229 2400 339 2480 pendet
369 2400 523 2461 drachmas
552 2399 586 2461 X.
633 2401 826 2463 Acetabulum
859 2403 937 2482 quod
970 2403 1081 2464 dicitur

64 2493 156 2554 habet
178 2491 315 2550 heminae
340 2497 474 2568 quartam
497 2497 621 2568 partem.
667 2489 791 2551 Hemina
813 2490 903 2552 habet
926 2491 1081 2552 drachmas

64 2597 193 2642 numero
208 2577 266 2638 LX.
295 2577 371 2659 Mna,
388 2595 475 2658 quam
490 2580 586 2638 nostri
600 2580 710 2639 minam
725 2587 838 2660 vocant,
853 2579 962 2658 pendet
976 2579 1080 2640 drach-

31 2679 129 2731 ²⁰mas
153 2669 267 2728 Atticas
291 2674 420 2728 centum.

156 2756 311 2816 Mensuras
336 2774 454 2835 quoque
478 2757 557 2834 ipsas
581 2755 762 2816 Graecorum
790 2757 826 2816 de
854 2756 1080 2818 medicinalibus

64 2844 251 2926 ponderibus
281 2844 461 2925 addidimus,
489 2862 564 2924 quae
588 2847 725 2923 sequenti
752 2847 858 2924 pagina
881 2849 1080 2929 continentur,

64 2937 154 2996 utin
178 2933 386 2994 huiuscemodi
408 2932 512 3014 rebus,
540 2935 566 2993 si
588 2935 685 2994 risum
709 2933 811 3014 luerit,
836 2934 872 2994 de
896 2934 976 2996 sonte
1001 2935 1080 3016 quod

66 3027 149 3086 aiunt
172 3025 239 3100 ipso
262 3029 382 3100 petatur
404 3023 572 3083 auotoritas.

313 3161 401 3243 Περὶ
424 3159 557 3243 μέτρων
579 3161 638 3224 καὶ
661 3167 834 3242 σταθμῶν.

148 3281 194 3346 Ἦ
208 3289 267 3364 μνᾶ
286 3283 343 3366 ἔχει
362 3280 449 3360 ὁλκὰς
468 3280 560 3364 ρξ’,
543 3311 563 3365 η
586 3285 703 3367 λίτραέ
700 3307 740 3366 χει
763 3281 835 3366 οὐγγ
837 3286 883 3356 ίας
901 3279 988 3364 ιβΗ,
973 3309 993 3363 η
1012 3280 1078 3366 οὔγ-

67 3375 154 3484 plo'
136 3397 196 3454 εχει
220 3368 310 3447 ὁλκὰς
332 3369 369 3453 η’,
392 3369 412 3452 ἡ
437 3368 509 3452 ὁλκὴ
529 3373 586 3452 ἔχει
604 3370 757 3453 γράμματα
776 3369 813 3450 γ’,
835 3368 867 3430 τὸ
885 3367 1004 3449 γράμμα
1022 3371 1079 3448 ἔχει

69 3458 252 3543 οβολονςβ,
277 3485 287 3522 t
317 3457 422 3540 οβολὸς
445 3460 503 3539 ἔχει
525 3455 699 3538 asportari,
720 3481 752 3518 co
740 3452 984 3600 ⁷⁶⁸Q⁰st⁶⁰²1²flffl
1010 3461 1079 3532 χαλ-
