2636 3790
576 151 788 216 -58,

177 315 309 377 triduum
343 324 393 376 aut
425 322 493 394 post
523 313 587 374 dies
617 315 749 393 quinque
777 313 934 390 ligaturam
962 329 1049 390 quam
1083 311 1191 372 leceris

124 417 158 467 23
178 404 282 466 solves.
327 403 359 463 Si
383 419 452 464 vero
476 405 538 464 ictu
563 402 661 481 aliquo
685 408 774 480 caput
797 401 923 461 fractum
948 401 1038 460 luerit
1062 408 1091 460 et
1115 407 1191 460 testa

177 492 301 573 conlisa,
333 493 518 554 medicamen
545 509 667 552 rosaceo
700 489 764 550 oleo
792 489 964 568 liqrrelacies
1001 496 1031 549 et
1063 491 1105 548 sic
1133 491 1192 567 ipsi
1282 549 1283 562 p

179 583 325 642 lraeturae
357 581 403 641 vel
432 579 604 641 vulneribus
636 577 784 639 infundes.
830 577 931 638 lnluso
963 595 1033 637 vero
1064 579 1191 638 interius
1282 579 1283 660 l

177 671 371 731 medicamine
397 669 588 732 nihilominus
616 668 746 746 desuper
774 666 869 726 solum
892 665 1075 726 medicamen
1099 665 1220 726 linteoe

177 759 331 820 inductum
356 758 486 836 adpones
511 764 541 818 et
564 775 654 837 supra
677 755 782 834 ligabis
805 755 900 814 lanam
925 754 1057 814 sucidam
1077 753 1141 814 oleo
1161 763 1192 815 et

177 855 260 908 aceto
293 847 410 908 modico
440 846 587 907 inlectam.
634 845 675 904 lle
703 846 768 923 ipso
797 851 895 904 autem
924 842 1132 925 medicamine,
1165 845 1192 902 si

177 936 368 998 succenderis
391 937 423 995 in
446 933 583 995 eubiculo
606 933 653 994 vel
674 935 704 994 in
724 933 819 1012 domo,
843 930 959 1010 fugabis
983 939 1137 1010 serpentes
1161 939 1191 990 et

156 1027 203 1101 *si
222 1043 279 1103 qua
299 1024 358 1085 illic
382 1023 457 1084 mala
481 1032 558 1104 sunt,
582 1023 660 1083 foras
685 1023 783 1082 eicies.
820 1019 883 1080 Hoc
906 1022 971 1098 ipso
995 1019 1190 1080 medicamine

176 1115 298 1173 incenso
319 1113 417 1173 suffita
436 1111 543 1172 mulier
561 1111 646 1172 facile
667 1109 852 1190 purgabitur,
871 1110 987 1168 etiamsi
1006 1126 1098 1186 pecus
1112 1111 1190 1168 intra
1206 1125 1234 1164 10

177 1208 295 1260 uterum
328 1200 466 1260 babuerit
494 1201 686 1260 inmortuurn.
734 1197 968 1258 Saluberrimum
997 1205 1095 1258 autem
1123 1214 1189 1256 esse

176 1287 313 1348 omnibus
345 1297 375 1348 et
407 1287 542 1348 virilibus
576 1295 606 1348 et
638 1287 774 1348 femineis
807 1287 904 1346 causis
932 1304 970 1346 ne
999 1285 1131 1365 dubites,
1164 1286 1190 1344 si

175 1377 305 1455 primum
329 1375 486 1454 diiigenter
510 1394 544 1436 ac
568 1375 693 1436 sollicite
717 1374 870 1455 conficias,
899 1373 1019 1455 deinde,
1042 1381 1076 1434 ut
1100 1391 1190 1452 supra
1282 1431 1283 1434 ,

176 1466 402 1546 scriptumest,
427 1467 555 1525 scienter
580 1467 681 1525 utaris.

593 1657 672 1719 GAP.
697 1657 770 1720 Vlll.

176 1772 231 1827 Ad
257 1784 375 1826 omnes
402 1775 438 1825 et
460 1769 667 1840 multiplices
691 1769 869 1826 oculorum
892 1768 1029 1825 dolores
1052 1768 1192 1836 collyrio

177 1862 211 1915 et
237 1861 388 1915 remedie
415 1859 562 1928 diversa,
590 1858 692 1914 etiem
719 1857 859 1927 physice
887 1858 929 1912 de
957 1857 1191 1928 probabilibus

556 1946 807 2016 experimentis.

142 2095 156 2142 1
264 2084 307 2144 Ad
336 2083 577 2145 conturbationes
607 2091 637 2143 et
664 2082 858 2162 lippitudines
882 2080 995 2141 subitas
1019 2081 1233 2159 epiphoras-15

178 2191 235 2252 que
259 2172 414 2232 oculorum
438 2173 500 2231 seio
523 2170 616 2230 multa
639 2171 772 2250 collyria,
801 2171 919 2230 tametsi
941 2169 1038 2250 tarde,
1068 2187 1189 2247 magnos

176 2272 274 2322 tamen
299 2261 422 2320 effectus
440 2259 559 2334 habere,
583 2259 635 2318 sed
654 2259 728 2319 nulli
747 2258 936 2338 collyriorum
954 2265 1070 2318 tantum
1090 2257 1190 2318 tribuo

177 2357 321 2426 quantum
348 2347 423 2426 lycio
451 2345 552 2408 lndieo
580 2346 624 2406 vel
654 2365 708 2424 per
738 2365 783 2428 se3
811 2347 867 2406 hoc
897 2347 975 2406 enim
1003 2347 1082 2406 inter
1105 2347 1190 2408 inilia

177 2439 202 2496 si
222 2437 288 2514 quis
308 2443 341 2495 ut
360 2435 480 2514 collyrio
499 2437 690 2516 inunguatur,
712 2437 849 2513 protinus
869 2443 899 2494 et
917 2434 1019 2494 dolore
1038 2439 1190 2514 praesenti

177 2532 206 2584 et
225 2524 325 2584 futuro
345 2531 461 2583 tumore
476 2523 659 2584 liberabitur.
698 2524 921 2602 Supervacuum
936 2531 982 2583 est
996 2531 1095 2584 autem
1111 2542 1190 2584 nuno
1205 2541 1232 2580 ro

176 2613 278 2673 laudes
302 2614 366 2672 eius
391 2613 516 2692 relerre3
540 2615 570 2672 in
594 2612 659 2672 aliis
683 2615 762 2672 enim
786 2619 926 2690 expertus
947 2611 1102 2690 intelleges
1121 2613 1190 2672 sim-

175 2700 262 2780 plicis
285 2703 329 2760 rei
352 2702 400 2760 vix
424 2701 589 2762 credendos
613 2702 745 2763 effeetus.
778 2701 904 2779 Oportet
927 2718 997 2778 ergo
1017 2708 1051 2761 ut
1069 2701 1191 2761 minime

177 2797 282 2868 quater
306 2791 500 2868 quinquiesve
524 2809 559 2850 ex
578 2790 732 2851 intervallo
751 2790 924 2868 lippientem
943 2791 1060 2869 inungi3
1084 2789 1190 2849 deinde

177 2897 245 2938 cum
273 2877 461 2940 conbiberint
489 2880 580 2960 oculi,
609 2880 645 2940 ad
672 2878 805 2957 singulas
832 2879 1022 2938 inunctiones
1051 2896 1086 2938 ex
1115 2895 1189 2956 aqua

177 2985 265 3045 quatu
288 2969 420 3046 poterint
444 2971 591 3029 sustinere
616 2968 793 3029 calidissima
813 2969 951 3045 spongeis
971 2967 1119 3044 expressis
1142 2983 1189 3026 va·
1204 2980 1230 3021 se

175 3057 276 3133 porari
300 3055 412 3116 diutius
435 3057 599 3136 eodemque
623 3057 670 3117 die
698 3059 728 3116 in
757 3053 907 3114 balineum
935 3055 1005 3114 duci
1032 3073 1113 3134 eum,
1140 3055 1191 3132 qui

176 3145 318 3204 inunctus
343 3144 445 3225 luerit,
474 3148 513 3205 ita
537 3153 571 3206 ut
594 3163 662 3205 cunt
686 3153 786 3204 cetero
810 3161 935 3222 corpore
959 3150 1048 3222 caput
1071 3161 1190 3222 quoque
1277 3178 1280 3187 ·

177 3241 206 3292 et
232 3233 339 3293 faeiem
368 3232 478 3294 calidae
501 3235 648 3312 inmergat
671 3240 701 3292 et
724 3232 820 3293 foreat
844 3235 1005 3310 vinumque
1028 3239 1097 3310 post
1119 3230 1190 3291 bali-

251 3372 282 3420 18
302 3367 398 3423 Indico
416 3367 474 3435 vel]
493 3366 631 3422 indicare.
715 3373 747 3422 19
766 3367 942 3436 inungeatur.
1030 3372 1064 3422 22
1084 3365 1191 3422 effectis
1282 3329 1283 3402 f

178 3436 285 3510 oportit
304 3439 355 3499 (sic
372 3437 494 3502 saepius)
558 3436 687 3490 menime
752 3445 787 3493 24
806 3438 970 3493 coniverinl.
1036 3443 1070 3493 25
1090 3439 1191 3508 sphon-

178 3515 245 3566 gers.
319 3507 353 3555 28
372 3503 472 3556 aalide.
