2636 3790
582 121 799 184 -42—
1274 214 1275 278 1

183 283 305 346 adsidue
328 281 427 342 bulbis
451 283 544 360 tritis,
573 281 686 342 sulfure
712 283 777 341 viro
801 290 831 342 et
854 283 921 342 vino
945 281 1022 341 bono
1046 283 1077 340 in
1101 296 1194 339 tanum
1274 283 1275 298 ³

147 373 348 453 spermixtis.
389 370 462 430 ltern
491 370 613 449 prodest
638 370 737 430 cedria
762 378 876 431 tantum
900 388 1012 448 ungere
1036 379 1125 448 caput
1149 366 1194 427 vel

146 473 163 522 3
182 461 238 522 alio
262 462 333 521 trito
357 468 388 520 et
411 467 494 519 aceto
518 468 549 520 et
567 461 655 519 nitro.
693 459 798 519 Farina
821 457 943 519 feniculi
961 477 998 518 ex
1018 459 1085 518 vino
1105 457 1194 534 capiti

182 550 302 611 inducta
325 549 493 627 porrigines
521 555 678 627 expurgat3
708 547 838 608 furfures
867 566 985 627 quoque
1009 547 1088 607 idem
1112 563 1194 625 prae·
1275 555 1276 598 t

145 653 164 700 4
183 647 271 719 stant,
291 639 316 698 si
335 647 424 716 caput
442 637 511 696 inde
530 636 652 696 adsidue
671 638 702 696 iu
717 636 822 697 balneo
841 635 948 697 luatur.
985 635 1138 716 Hysopum
1158 649 1222 694 exo
1275 679 1276 716 3

147 741 163 790 5
183 727 247 789 oleo
269 729 373 788 tritum
392 733 423 786 et
440 725 615 786 instillatum
635 727 725 804 capiti
743 726 877 804 pityriasi
897 725 1042 786 medetur.
1080 719 1194 802 (Ovis)

183 836 218 878 cr
239 818 306 876 vino
326 823 356 876 et
373 813 438 875 oleo
458 822 488 874 et
507 813 606 875 cedria
626 816 776 892 pruritum
796 813 984 892 scabiemque
1004 815 1108 892 capitis
1132 811 1196 872 tolli

147 905 373 967 omanifestum
407 909 465 981 est,
499 905 525 963 si
552 912 681 981 ungatur
709 902 840 962 adsidue.
884 901 1058 981 Prurigines
1090 902 1195 979 capitis
1276 882 1277 964 l

184 995 307 1055 discutit
330 991 369 1052 fel
392 991 513 1052 ovillum
535 991 652 1052 inlitum
676 1009 744 1052 curm
768 1001 849 1051 creta
864 990 994 1070 Cimolia,
1018 990 1112 1051 donec
1131 1007 1194 1049 are·

148 1090 258 1145 ascet:
295 1083 405 1141 mirum
432 1088 485 1140 est.
534 1078 651 1140 Nitrum
679 1079 801 1140 alumini
833 1080 996 1140 admixtum
1023 1079 1193 1158 prurigines
1209 1092 1234 1131 ιο

148 1184 164 1234 8
184 1171 289 1249 capitis
307 1167 393 1248 tollit,
413 1170 439 1228 si
457 1167 526 1228 inde
546 1168 719 1247 frequenter
738 1168 862 1228 fricetur
881 1176 911 1229 et
929 1167 1051 1230 lavetur.
1088 1165 1191 1226 Ulcera

183 1262 214 1320 in
238 1260 333 1336 capite
357 1264 507 1335 tamquam
529 1258 670 1336 proprius
694 1255 816 1316 morbus
843 1258 1002 1336 praecipue
1030 1254 1193 1316 infantibus
1277 1279 1278 1316 t

182 1355 363 1425 nascuntur,
396 1345 448 1405 sed
481 1353 511 1405 et
539 1347 618 1405 viros
645 1355 676 1404 et
703 1345 843 1405 mulieres
871 1348 1000 1424 graviter
1027 1344 1192 1405 molestant.
1277 1337 1278 1374 ³

183 1435 262 1496 Haec
286 1452 356 1512 ergo
380 1433 447 1494 felle
471 1435 587 1494 taurino
611 1451 680 1494 cum
703 1441 787 1494 aceto
810 1433 957 1513 tepefacto
979 1433 1063 1494 inlita
1081 1433 1195 1492 efficaci
1277 1467 1278 1470 =

147 1538 163 1586 e
184 1523 315 1584 remedio
335 1531 485 1583 sanantur.
524 1521 632 1582 Serum
651 1521 736 1582 vituli
754 1540 822 1582 cum
846 1522 905 1582 sale
924 1522 1080 1582 subactum
1099 1520 1194 1582 utilis·
1209 1536 1234 1577 u

130 1627 165 1674 10
184 1615 258 1673 sime
282 1611 440 1671 adhibetur
463 1612 605 1690 pityriasi.
642 1610 799 1671 'festarum
817 1613 966 1672 muricum
984 1610 1031 1672 vel
1049 1628 1194 1690 purpura-

183 1719 250 1762 rum
273 1710 445 1761 exustarum
469 1702 600 1760 cinerem
624 1717 660 1758 ex
685 1698 770 1760 melle
794 1699 946 1760 ulceribus
967 1702 1074 1780 capitis
1092 1701 1195 1778 inponi

130 1805 162 1852 11
183 1797 309 1869 oportet.
356 1787 453 1849 Alium
481 1807 550 1848 cum
579 1806 632 1848 sua
661 1773 740 1848 rest'e
770 1787 948 1849 conburitur
973 1791 1108 1868 cinisque
1132 1789 1196 1848 eius

131 1892 163 1940 12
184 1898 218 1940 ex
252 1877 317 1938 oleo
345 1879 435 1956 capiti
467 1876 604 1937 ulceroso
632 1878 794 1956 inponitur.
841 1875 946 1938 Oleum
978 1876 1198 1967 amygdalinum]

131 1981 163 2030 13
183 1985 251 2029 cum
275 1968 342 2027 vino
366 1967 478 2045 optimo
501 1967 681 2045 permixtum
705 1975 849 2044 expurgat
872 1969 977 2044 capitis
996 1968 1074 2026 vitia.
1115 1964 1235 2024 Foliam

182 2055 258 2136 rubi,
282 2057 313 2115 in
337 2073 395 2133 quo
418 2073 501 2114 mora
524 2061 698 2134 nascuntur,
721 2053 803 2114 arida
822 2056 948 2115 contrita
968 2056 1059 2132 capiti
1078 2055 1193 2131 insper·
1279 2127 1280 2132 ἵ

182 2152 294 2224 guntur
326 2152 355 2202 et
388 2143 517 2221 desuper
549 2141 614 2203 lana
647 2142 750 2203 sucida
778 2151 808 2202 et
840 2143 940 2203 charta
971 2143 1193 2222 superponitur.

130 2246 164 2294 14
183 2233 274 2293 Malva
302 2233 428 2292 erratica
452 2249 520 2291 cum
544 2232 629 2292 urina
653 2230 789 2310 humana,
812 2231 841 2291 id
866 2238 912 2291 est
935 2230 1051 2310 puerili,
1075 2232 1194 2290 tritaet

129 2334 163 2382 15
183 2322 311 2400 inposita
334 2319 416 2379 valde
441 2321 533 2380 siccat
556 2321 660 2398 capitis
684 2337 812 2380 umores.
860 2318 965 2379 Omnia
993 2327 1092 2380 autem
1117 2321 1194 2398 capi·

182 2411 221 2470 tis
246 2408 359 2487 ulcera,
381 2426 450 2468 eum
473 2416 598 2486 purgata
621 2416 703 2488 sunt,
727 2407 941 2468 iucundissime
965 2408 1001 2468 ad
1025 2410 1194 2469 cicatricem
1210 2420 1236 2460 ῦὸ

183 2497 389 2578 perducuntur
413 2498 469 2557 sie:
505 2497 632 2575 Spumae
657 2499 771 2575 argenti
794 2505 900 2556 tunsae
924 2496 1031 2558 selibra
1055 2505 1085 2557 et
1108 2514 1194 2556 cerae

183 2585 270 2666 libra,
294 2603 433 2646 cerussae
456 2585 540 2663 libra,
564 2584 622 2644 olei
645 2587 760 2645 rosacei
783 2584 866 2666 libra,
892 2603 961 2645 cum
985 2585 1142 2664 liquefacta
1166 2594 1196 2644 et

184 2677 273 2734 mixta
297 2682 327 2734 et
349 2675 419 2734 trita
439 2673 550 2734 fuerint
568 2673 651 2754 baec,
676 2673 892 2751 refrigerantur
911 2683 942 2734 et
960 2675 1130 2734 adiciuntur
1148 2672 1196 2732 his

184 2781 307 2824 ovorum
330 2765 516 2823 incoctorum
540 2769 680 2841 quattuor
704 2761 795 2842 lutea5
815 2761 844 2822 id
864 2770 911 2822 est
929 2762 1036 2842 vitella,
1059 2770 1089 2823 et
1108 2761 1196 2822 simul

184 2851 294 2931 pistillo
309 2854 340 2912 in
350 2853 491 2912 mortario
506 2852 726 2930 permiscentur
740 2859 828 2928 atque
843 2850 911 2911 inde
927 2851 1080 2912 inducitur
1094 2858 1196 2930 capnt:
1210 2863 1237 2903 ³0

132 2955 165 3003 to
184 2943 292 3000 mirum
312 2939 476 3001 remedium
497 2941 668 3018 experieris.
698 2938 848 2998 Nasturcii
863 2957 964 3000 semen
978 2942 1103 3000 mixtum
1118 2939 1198 3018 adipi

185 3032 339 3090 anserinae
360 3030 525 3108 tritumque
549 3028 681 3088 furfures
705 3029 811 3106 capitis
834 3027 956 3102 adsidua
979 3027 1124 3089 lavatione
1147 3028 1197 3088 de·

133 3133 164 3182 17
185 3116 274 3197 pellit.
312 3118 401 3179 Betae
426 3118 529 3178 viridis
552 3124 694 3177 contusae
718 3134 953 3196 expressaequae
976 3135 1049 3178 suco
1073 3119 1197 3197 porrigi·

185 3225 292 3268 nosum
320 3214 409 3288 caput
436 3207 610 3286 frequenter
633 3207 664 3266 in
687 3203 792 3265 balneo
816 3205 909 3266 lotum
933 3207 1014 3266 omni
1036 3203 1198 3285 tabe'pur-

256 3424 272 3473 3
297 3413 427 3486 feniculi]
451 3413 509 3468 feni
534 3412 629 3482 graeci
651 3413 728 3468 Plio.
837 3418 853 3467 5
876 3412 1026 3484 hysopum]
1054 3430 1199 3485 oesypum.

186 3493 201 3541 6
221 3490 281 3544 ovis
300 3488 400 3544 addidi
417 3502 431 3541 e
451 3484 529 3539 Petu.
605 3487 636 3537 18
656 3485 728 3540 reste
746 3483 837 3538 Pus..-
856 3489 942 3538 veste.
