2636 3790
597 120 817 182 „14-

202 291 236 344 nt
262 290 292 343 et
310 300 414 362 aegros
434 299 503 342 suos
523 281 574 341 diu
593 283 625 341 in
644 280 743 341 reditu
762 280 907 342 haberent
926 289 956 341 et
974 283 1122 341 saeviores
1140 283 1216 359 ipsis

201 369 317 432 morbis
334 373 505 432 existerent.
534 369 722 449 Quapropter
741 371 944 430 necessarium
963 369 1035 430 mibi
1048 371 1145 430 visum
1160 377 1217 450 est,

202 459 334 538 undique
357 459 534 520 valetudinis
558 457 665 519 auxilia
689 458 866 519 contrahere
889 465 919 518 et
937 457 1030 519 veluti
1048 460 1079 518 in
1101 458 1216 519 brevia·

202 551 280 609 rium
300 547 449 629 colligere,
467 554 502 608 ut
521 565 709 626 quocumque
728 549 876 608 venissem
891 541 1053 627 <possem>
1068 546 1217 607 eiusmodi

201 637 325 698 insidias
352 640 445 698 vitare
473 643 504 697 et
534 636 589 697 bac
621 635 730 696 fiducia
762 637 897 696 securior
929 638 987 696 iter
1019 635 1147 715 ingredi,
1181 643 1216 695 nt
1245 654 1263 694 5

202 727 303 806 sciam,
322 727 348 786 si
363 727 429 805 quis
445 725 517 785 mibi
535 724 661 803 languor
682 725 833 805 acciderit,
854 743 914 785 non
933 725 1064 784 facturos
1083 724 1216 784 medicos

202 833 239 876 ex
262 833 309 876 me
332 814 379 875 vel
401 815 475 874 meis
498 813 628 874 reditum
646 831 702 874 nec
720 821 873 874 taxaturos
891 813 1148 873 incommodorum
1167 831 1216 872 oc·
1276 851 1277 874 1

166 908 182 958 2
202 903 372 964 cesionibus
395 904 546 963 sanitates.
581 901 656 962 Ante
680 904 778 962 omnia
801 909 901 962 autem
923 909 996 982 puto
1019 903 1050 960 iu
1073 909 1216 980 promptu

201 991 345 1072 habenda,
360 1009 435 1070 quae
450 991 549 1052 subito
565 990 732 1051 desiderata
746 989 918 1051 difficillima
934 989 1073 1050 videntur
1082 991 1216 1070 inventu,

202 1083 280 1141 sicut
304 1079 402 1140 oleum
425 1087 519 1140 vetus.
552 1079 637 1150 Quod
657 1081 683 1139 si
701 1079 738 1139 ad
756 1097 876 1140 manum
896 1097 955 1140 non
974 1081 1041 1159 erit,
1059 1077 1215 1138 celerrime
1232 1097 1262 1136 ro

201 1169 267 1228 lieri
296 1169 416 1246 poterit.
466 1167 703 1228 Delervelactum
732 1170 812 1228 enim
840 1166 886 1227 vel
913 1168 1154 1228 recentissimum
1185 1174 1216 1226 et

201 1257 324 1317 odorem
348 1263 378 1316 et
401 1258 480 1316 vires
503 1257 699 1316 vetustissimi
716 1263 857 1335 praestat.
897 1254 935 1316 Et
958 1258 984 1316 si
1003 1255 1079 1316 sorte
1099 1256 1215 1316 curatio

202 1347 335 1424 exegerit
362 1363 467 1425 aquam
495 1347 640 1404 marinam
667 1347 698 1404 in
722 1344 939 1404 mediterraneo
964 1346 1080 1424 quaeri,
1106 1342 1215 1404 sollici-
1276 1381 1277 1410 2

200 1433 299 1494 tudini
321 1433 405 1494 locus
429 1451 488 1493 non
512 1435 582 1513 erit,
606 1434 633 1493 si
654 1435 696 1493 ita
718 1435 930 1512 prospiciatur.
959 1432 1017 1492 duo
1042 1434 1121 1492 enim
1145 1431 1216 1492 salis
1276 1453 1277 1470 ³

202 1523 323 1583 sextarii
345 1525 377 1581 in
396 1528 537 1601 quattuor
556 1539 649 1601 aquae
669 1523 813 1582 sextarios
832 1524 915 1582 missi
935 1522 1277 1600 temperatissimam
1230 1538 1277 1579 15

201 1613 308 1671 marini
335 1609 461 1690 liquoris
488 1612 604 1688 copiam
633 1611 749 1671 facient.
792 1609 926 1690 Oxymeli
954 1628 1023 1670 vero
1048 1608 1132 1670 facile
1157 1611 1216 1670 erit
1276 1629 1277 1632 ¹

200 1700 275 1779 lieri,
299 1701 324 1760 si
348 1698 465 1760 duobus
489 1698 601 1778 cyathis
621 1697 716 1758 mellis
736 1701 883 1759 sextarius
902 1700 979 1758 aceti
997 1697 1096 1758 addito
1115 1696 1215 1777 puleio
1276 1739 1277 1766 t

201 1797 231 1849 et
255 1787 324 1848 salis
347 1787 464 1848 modico
488 1794 739 1865 contemperetur.
776 1786 899 1847 Polenta
923 1794 1022 1847 autem
1046 1787 1102 1847 boc
1126 1786 1214 1846 modo
1276 1783 1277 1830 t

200 1877 264 1937 liet:
296 1875 449 1938 Hordeum
472 1894 548 1956 aqua
570 1875 726 1955 perfusum
749 1893 807 1936 una
831 1884 918 1936 nocte
943 1877 1080 1956 siccatur,
1106 1875 1214 1935 deinde

201 1965 237 2025 ad
265 1963 320 2024 XX
347 1965 439 2025 libras
466 1964 572 2025 hordei
599 1964 770 2025 adiciuntur
797 1973 859 2024 tres
887 1963 979 2024 librae
1006 1963 1059 2024 lini
1082 1965 1213 2044 seminis,
1230 1981 1277 2040 co¹

201 2054 351 2114 coriandri
370 2053 487 2132 selibra,
506 2052 575 2112 salis
594 2052 787 2133 acitabulum3
810 2062 882 2114 tunc
905 2051 1012 2113 deinde
1031 2052 1103 2112 baec
1122 2054 1214 2112 mixta
1276 2045 1277 2054 ’

166 2147 181 2195 3
201 2149 355 2202 torrentur
383 2149 413 2201 et
436 2141 512 2201 mola
535 2141 721 2218 franguntur.
764 2140 909 2201 Omnibus
932 2149 1031 2201 autem
1055 2143 1214 2202 curationi·

200 2229 258 2290 bus
286 2229 345 2289 mel
372 2231 516 2307 optimum
545 2236 605 2309 est,
634 2231 665 2288 in
694 2247 753 2308 quo
782 2247 852 2332 apes
880 2231 1066 2310 moriuntur,
1095 2237 1126 2290 et
1148 2228 1214 2289 lana
1276 2253 1277 2264 ¹

201 2317 304 2378 sucida
332 2335 366 2376 ea
396 2316 472 2377 bona
501 2325 559 2397 est,
593 2335 667 2396 quae
696 2317 732 2377 de
761 2321 823 2378 ovis
856 2317 931 2378 collo
960 2317 1051 2378 fuerit
1082 2317 1277 2378 adtonsa.1

201 2405 338 2466 Cinerem
368 2407 466 2467 avium
497 2405 545 2466 vel
577 2405 701 2466 aliorum
734 2406 904 2467 animalium
937 2405 1136 2467 desideratum
1170 2408 1213 2466 sic
1228 2423 1277 2463 25

201 2493 267 2554 fieri
290 2501 420 2572 oportet:
452 2493 486 2553 ln
511 2493 597 2554 ollam
621 2512 726 2555 novam
749 2497 878 2556 mittitur
902 2496 962 2554 avis
986 2502 1037 2555 aut
1061 2493 1214 2573 quodlibet
1276 2495 1277 2516 ³

201 2582 280 2643 aliud
299 2582 415 2664 animal,
436 2581 514 2662 quod
533 2585 685 2661 putaveris
700 2583 898 2662 exurendum3
919 2584 997 2662 quod
1012 2583 1112 2644 addito
1127 2601 1212 2662 oper·

201 2670 269 2732 culo
303 2669 530 2750 circumlitoque
561 2671 662 2750 argilla
695 2673 725 2732 in
761 2671 848 2732 furno
886 2672 1012 2732 ferventi
1049 2671 1213 2732 torrebitur

201 2761 382 2838 spiramento
410 2759 581 2838 permodico
610 2760 696 2820 facto.
738 2759 992 2838 Gargarizationes
1015 2778 1084 2819 vero
1109 2777 1212 2820 omnes

201 2847 312 2908 calidae
336 2848 463 2908 utendae
487 2856 570 2928 sunt,
594 2850 672 2909 sicut
695 2855 725 2908 et
748 2848 892 2928 lementa,
919 2857 953 2909 ut
975 2847 1113 2908 medendi
1136 2851 1211 2908 ratio
1226 2865 1253 2905 eo

202 2944 232 2997 et
255 2954 328 2997 usus
351 2937 488 2998 ostendit.

273 3052 773 3110 3veletndiuislmvalitudinis2m.
820 3059 959 3122 lpossem
973 3069 1022 3108 om.
1070 3053 1213 3108 bhacim

201 3124 342 3180 henc2m.
382 3125 520 3180 fiduciam.
561 3131 591 3178 11
604 3123 1212 3180 defervefactumlmdelervereiaotumzm.

203 3201 235 3249 12
250 3199 315 3265 post
333 3194 406 3250 vires
426 3197 490 3252 odd.
511 3198 540 3251 et
557 3197 598 3254 nt.
655 3201 687 3249 16
703 3195 844 3262 oxymelli
902 3201 933 3249 19
949 3195 1071 3250 ordeum.
1127 3201 1162 3250 20
1177 3196 1213 3250 ad

201 3267 595 3322 om.21eoitabulum1m
614 3266 794 3321 acetabulum
806 3271 864 3324 2m.
929 3272 962 3320 22
978 3266 1059 3320 molo.
1115 3271 1150 3320 24
1165 3267 1213 3319 ad·
1276 3263 1277 3328 l

201 3340 291 3393 tunsa.
386 3344 419 3393 27
439 3339 526 3410 quod]
547 3354 635 3406 usque
653 3354 740 3407 supro
759 3339 866 3392 lineam
963 3337 1094 3420 operculo
1114 3339 1147 3392 lit
1136 3340 1213 3394 tteras
1276 3353 1277 3360 ³

202 3425 235 3464 oo
253 3425 340 3478 supro
357 3425 462 3464 versum
480 3411 592 3465 additis.
695 3415 727 3464 31
748 3408 871 3479 Explicit
892 3425 934 3479 ep.
953 3408 1026 3478 plini
1045 3407 1160 3464 secundi
1179 3411 1213 3465 de
1276 3417 1277 3476 j

201 3479 348 3535 medicine.
385 3479 488 3551 Incipit
506 3480 565 3537 alie
584 3497 626 3550 ep
1276 3489 1277 3496 ’
