2564 3794
526 110 764 174 „100-

137 285 251 336 coctam
275 274 322 334 vel
344 273 466 334 alteram
491 291 593 333 earum
617 291 686 332 oum
709 273 802 332 larina
826 270 990 330 hordeacea
1013 267 1153 328 similiter

137 383 172 424 ex
197 381 271 440 aqua
296 361 390 423 mulsa
409 370 536 442 coctam3
560 370 678 440 oportet
701 363 788 420 etiam
813 367 896 419 extra
918 357 1053 419 adhiberi
1072 357 1153 416 slon-

136 455 198 530 gias
219 450 322 511 molles
346 470 381 510 ex
401 469 475 530 aqua
495 449 587 510 calida
607 449 682 510 bene
704 466 868 527 expressas,
892 447 999 507 deiude
1017 445 1154 524 tepidum

136 539 280 600 instillare
304 539 520 618 amygdalinum
545 538 642 599 oleum
666 537 712 597 vel
735 537 883 597 laurinum
905 537 1024 613 saepius
1043 535 1074 593 in
1094 533 1152 592 die.

83 639 117 689 58
135 628 261 689 Prodest
288 628 364 688 bene
392 627 514 688 auribus
542 627 669 688 infirmis
696 625 867 686 huiusmodi
890 623 1181 684 medicamentum:5

136 717 250 796 llyrrae
276 716 302 777 X
325 717 351 797 l,
374 718 455 777 croci
481 715 507 774 X
530 715 556 795 l,
584 717 710 775 storacis
732 713 881 792 globulos,
908 730 968 771 non
993 709 1153 789 ampliores

136 823 224 884 quam
248 807 328 866 cicer
351 815 409 884 est,
437 822 561 864 numero
585 802 679 884 XXX,
708 805 820 881 piperis
844 801 922 878 longi
947 817 1038 878 grana
1063 797 1153 878 XXX,

137 911 230 954 nuces
259 911 373 954 amaras
400 911 526 953 numero
555 890 644 951 XXX.
697 891 769 952 Cum
799 899 882 950 aceto
909 888 983 948 baec
1011 895 1153 948 teruntur

137 991 196 1042 tam
219 983 279 1062 diu,
303 982 396 1042 donec
415 980 543 1041 babeant
566 982 789 1060 spissitudinem
813 981 905 1057 passi,
929 986 1018 1056 atque
1041 978 1081 1036 ita
1105 993 1148 1034 re·

137 1079 292 1148 ponuntur
310 1072 341 1129 in
361 1070 467 1148 pyxide
487 1087 594 1147 cyprea
614 1071 713 1129 autin
732 1067 840 1128 doliolo
859 1070 968 1146 vitre03
990 1083 1058 1124 cum
1076 1082 1153 1141 opus
1168 1085 1197 1124 ιο

137 1158 240 1234 luerit,
269 1157 518 1217 medicamentum
546 1175 613 1216 rosa
642 1158 769 1217 admixta
798 1155 989 1232 liquefactum
1017 1153 1152 1232 tepidum

85 1246 198 1324 satiet,
222 1245 302 1322 quod
325 1247 356 1304 iu
379 1245 444 1304 lana
468 1245 571 1304 sucida
594 1246 716 1304 auribus
740 1243 940 1303 instillabitur.
985 1241 1077 1302 Nardi
1101 1241 1153 1320 Sy-

138 1333 213 1392 riaci
235 1331 261 1390 X
284 1331 335 1411 Vl,
362 1333 499 1392 alronitri
522 1331 547 1391 X
571 1331 621 1410 Vl,
650 1349 768 1392 murrae
792 1331 817 1390 X
840 1331 908 1410 llll,
936 1333 1048 1409 piperis
1072 1329 1154 1408 longi

139 1429 169 1480 et
188 1423 264 1480 turis
283 1419 309 1479 X
328 1419 390 1500 llll,
412 1419 508 1480 mellis
526 1419 616 1479 Attici
635 1419 660 1478 X
679 1419 741 1500 llll,
761 1418 865 1499 balani,
886 1437 942 1498 qua
963 1419 1153 1497 unguentarii

139 1516 273 1588 utuntur,
296 1511 327 1568 in
347 1508 447 1587 pilulis
468 1507 493 1567 X
512 1507 571 1588 Vll,
595 1508 677 1568 labae
700 1509 895 1586 Aegyptiacae
914 1509 1057 1568 interiora
1077 1525 1196 1585 quaere

139 1607 209 1657 suut
233 1615 330 1658 amara
350 1597 375 1657 X
395 1596 457 1677 Vll,
486 1596 644 1675 diligenter
667 1604 697 1656 et
721 1614 855 1656 seorsum
879 1598 949 1656 trita
968 1597 1052 1674 prius
1071 1595 1153 1673 haec,

140 1694 242 1764 postea
265 1690 411 1765 permixta
435 1704 503 1746 cum
527 1695 610 1746 aceto
634 1686 800 1762 levigantur
828 1694 858 1744 et
886 1702 954 1744 cum
979 1702 1027 1742 res
1050 1692 1152 1761 postu-

140 1774 255 1853 laverit,
283 1777 399 1835 rosacei
421 1774 479 1834 olei
503 1775 581 1853 quod
605 1776 677 1834 satis
701 1777 740 1834 sit
762 1773 975 1834 admiscebitur
999 1783 1087 1850 atque
1112 1774 1154 1831 ita

140 1871 245 1940 tepens
268 1863 460 1924 instillabitur
480 1863 535 1923 boc
554 1862 813 1942 medicamentum,
836 1862 915 1940 quod
934 1862 1073 1940 protinus
1092 1879 1153 1920 om-

87 1962 121 2012 60
140 1969 194 2010 nes
213 1953 328 2012 aurium
348 1951 464 2012 sedabit
483 1951 608 2012 dolores.
642 1950 720 2012 llaec
738 1969 857 2030 quoque
871 1950 1036 2028 conpositio
1052 1951 1152 2009 statim
1167 1967 1196 2007 ao

140 2037 258 2099 dolores
281 2041 398 2100 aurium
422 2041 519 2100 sedat:
551 2039 726 2100 Centauriae
750 2058 834 2118 suco,
863 2041 889 2098 si
916 2056 976 2098 non
1000 2037 1154 2097 sordidum

141 2128 227 2188 ulcus
255 2128 357 2207 luerit,
386 2147 423 2187 ex
450 2147 524 2206 aqua
553 2130 598 2187 uti
621 2127 783 2206 oportebit3
813 2123 880 2187 edm
904 2133 1003 2186 autem
1027 2126 1154 2186 multum

89 2227 120 2276 ot
141 2218 225 2294 puris
249 2218 320 2292 erit,
343 2217 444 2276 vinum
468 2215 688 2276 admiscebitur.
735 2215 830 2293 Supra
846 2217 1026 2293 opinionem
1050 2215 1153 2275 elficax

142 2302 265 2363 auribus
284 2303 340 2362 boc
362 2303 623 2364 medicamentum:
646 2303 773 2382 Murrae,
798 2306 886 2382 croci,
910 2306 979 2382 opii,
998 2303 1084 2362 nardi
1104 2303 1155 2382 Sy-

142 2393 227 2468 riaci,
256 2393 333 2450 turis
356 2393 490 2470 corticis,
520 2391 590 2450 mali
612 2391 718 2452 Punici
741 2392 828 2470 aridi,
852 2391 935 2452 labae
960 2392 1155 2470 Aegyptiacae
1170 2410 1199 2450 aa

143 2495 218 2557 quae
243 2485 313 2539 sunt
335 2480 487 2560 interiora,
511 2497 621 2540 nucum
642 2498 809 2540 amararum
828 2480 940 2560 itidem,
963 2480 1059 2540 mellis
1079 2480 1157 2559 boni,

143 2565 328 2644 singulorum
361 2565 386 2626 X
414 2565 480 2648 llll,
513 2571 640 2628 castorei
668 2567 693 2627 X
721 2567 760 2647 ll,
793 2570 931 2628 aluminis
963 2569 1027 2628 fissi
1055 2567 1081 2628 X
1111 2567 1156 2646 lll,

142 2655 256 2733 piperis
278 2655 358 2733 longi
381 2654 407 2714 X
431 2655 456 2735 l3
485 2658 582 2715 omnia
606 2659 690 2734 prius
714 2675 849 2716 seorsum
873 2657 1031 2735 diligenter
1055 2667 1156 2717 terun-

143 2751 207 2822 tur,
237 2750 340 2821 postea
367 2762 436 2804 curn
459 2752 543 2804 aceto
566 2748 711 2804 acerrimo
736 2748 824 2804 mixta
849 2753 988 2805 teruntur
1011 2755 1071 2806 tam
1097 2745 1157 2824 diu,

144 2831 238 2890 donec
252 2830 380 2892 babeant
394 2832 617 2913 spissitudinem
631 2835 725 2914 passi,
743 2851 810 2892 curn
826 2851 900 2912 opus
915 2835 1013 2913 luerit,
1027 2834 1155 2894 medica·
1170 2851 1199 2891 eo

143 2927 277 2979 mentum
294 2919 456 2980 instillatur
475 2919 621 3000 tepidum3
640 2921 719 2980 idem
734 2921 804 2981 lacit
823 2925 940 3000 egregie
960 2931 989 2981 et
1003 2921 1039 2981 ad
1056 2921 1156 2981 ulcera

93 3019 125 3068 aa
145 3009 262 3067 aurium
286 3009 414 3069 sananda
437 3017 524 3087 atque
548 3009 709 3087 purganda.
756 3008 822 3091 His,
851 3012 903 3088 qui
928 3009 1011 3069 surdi
1034 3016 1158 3068 suntet

146 3114 273 3174 quorum
296 3115 383 3157 aures
408 3105 522 3178 sonant,
545 3115 635 3159 sucus
654 3116 728 3158 uvae
747 3099 911 3159 inmaturae
933 3104 962 3156 et
981 3114 1066 3155 rosae
1085 3114 1157 3175 pon·

146 3185 217 3245 dere
243 3187 309 3264 pari
337 3186 484 3247 admixtus
513 3187 673 3266 tepidoque
701 3186 819 3246 inlusus
842 3185 1002 3265 plurimum
1026 3185 1158 3264 prodest.

218 3326 232 3374 1
252 3321 395 3376 ordeaoaa.
495 3327 511 3375 3
532 3338 565 3375 ex
583 3337 645 3391 epo:
663 3325 700 3376 et.
781 3327 797 3374 4
821 3319 1025 3388 amigdalinum
1049 3323 1160 3392 (saepe).

147 3396 180 3443 21
200 3393 376 3448 centauricus
396 3409 500 3447 sucum.
588 3392 754 3448 sinonem.
841 3396 876 3443 24
892 3395 955 3458 poet
973 3391 1160 3448 medicamen·

146 3463 207 3514 tum
226 3465 289 3519 add.
307 3463 446 3534 reperitur
465 3463 626 3520 Cornelius.
699 3467 732 3517 ³2
752 3463 781 3515 et
798 3476 848 3514 om.
