2564 3794
563 143 803 207 -108—

174 323 267 365 unum
290 305 435 382 permixta
458 323 513 383 per
532 305 664 365 sucidam
684 304 779 364 lanam
798 305 870 364 inici
888 303 1011 364 naribus
1029 302 1189 381 oportebit.

174 393 258 453 Facit
285 401 382 453 autem
407 395 494 452 etiam
523 393 559 453 ad
583 412 699 454 omnem
724 412 760 453 ex
784 392 915 471 qualibet
942 402 1025 470 parte
1054 395 1189 470 corporis

141 481 222 545 8vel
250 500 285 541 ex
313 481 446 560 quolibet
473 481 595 542 vulnere
623 483 777 560 sanguinis
801 483 997 559 eruptionem.
1043 479 1189 550 Quoniam

175 569 325 631 interdum
352 573 406 653 ita,
435 577 467 630 ut
495 570 636 652 diximus,
666 573 764 630 minus
788 572 885 630 curati
907 572 987 629 naris
1011 571 1081 628 vitio
1105 587 1190 647 prae·

175 659 266 719 locari
295 659 446 738 videntur,
473 660 599 718 maxime
628 677 696 718 cum
724 666 862 738 opturato
891 665 1018 737 utroque
1043 659 1216 718 foramines

175 750 291 808 narium
319 747 452 827 spirandi
479 746 603 806 facultas
627 749 767 828 eripitur,
795 765 855 807 non
879 746 1008 806 alienum
1032 755 1078 806 cst
1101 748 1190 825 scire,

175 855 233 916 qua
258 838 373 896 ratione
397 843 558 914 utrumque
582 837 728 914 praestari
751 837 859 915 possit,
887 842 921 896 ut
944 852 1041 913 neque
1066 837 1190 912 spiratio

175 925 345 1004 inpediatur
368 943 423 985 nec
447 924 612 984 remedium
636 925 888 1003 efficacissimum,
911 942 966 1002 per
989 923 1068 1002 quod
1092 925 1190 1001 opitu·

175 1013 245 1073 latio
268 1013 390 1073 naribus
415 1012 553 1091 eflicitur,
576 1011 759 1073 excludatur.
796 1011 952 1090 Oportebit
975 1030 1046 1090 ergo
1070 1030 1190 1072 sumere

175 1104 297 1180 pinnam
320 1103 434 1160 anseris
458 1119 545 1178 quam
568 1103 725 1162 maximam
749 1101 794 1164 vel
814 1100 919 1160 calami
937 1102 1089 1178 scriptorii
1107 1101 1232 1160 [istu-10

176 1190 233 1248 lam
256 1189 372 1248 modice
390 1188 564 1269 pleniorem,
588 1188 694 1249 deinde
714 1196 815 1266 aptare
835 1189 871 1249 ad
891 1188 1106 1266 longitudinem
1126 1191 1191 1248 nasi

177 1284 265 1355 atque
292 1279 332 1336 ita
360 1275 545 1354 praecidere,
574 1285 607 1336 ut
639 1295 673 1336 ex
703 1285 829 1354 utraque
856 1284 940 1355 parte
969 1277 1117 1355 perforata
1142 1279 1191 1358 sit,

177 1373 266 1442 atque
293 1363 442 1423 involvere
471 1382 535 1423 eam
563 1363 683 1423 fasciola
707 1367 791 1424 tenni
813 1364 904 1424 lintea
928 1368 1012 1444 quasi
1036 1367 1135 1425 instita
1161 1377 1192 1425 et

177 1451 296 1530 explere
315 1455 474 1512 circuitum
494 1453 567 1531 eius,
586 1452 681 1512 donec
700 1453 836 1536 videatur
854 1455 884 1513 in
899 1471 1001 1514 narem
1016 1472 1084 1513 cum
1101 1473 1190 1514 cunc·

177 1543 288 1601 tatione
312 1540 438 1619 quadam
460 1542 555 1618 recipi
578 1559 665 1619 posse
689 1549 777 1619 atque
801 1543 841 1601 ita
860 1549 894 1602 ut
912 1550 958 1602 est
977 1542 1189 1602 circumvoluta
1205 1559 1233 1597 15

176 1632 344 1708 inmergere
372 1647 436 1689 eam
460 1647 531 1689 naso
555 1638 638 1690 aceto
662 1631 724 1689 acri
746 1630 886 1690 infectam
914 1639 944 1690 et
971 1649 1026 1708 per
1048 1649 1113 1690 eam
1136 1633 1191 1690 ini-

177 1736 245 1779 cere
278 1718 428 1778 interdum
460 1729 577 1778 acetum
609 1736 677 1778 acre
710 1717 756 1777 rel
789 1737 893 1779 sucum
924 1737 1015 1797 supra
1042 1719 1191 1780 dictorum

176 1807 468 1867 medicamentorum.
505 1805 567 1866 Hoc
590 1816 687 1866 autem
707 1807 839 1866 remedio
858 1809 951 1886 magis
970 1809 1015 1867 uti
1033 1807 1192 1887 oportebit,

142 1907 246 1956 ecum
269 1914 323 1974 per
347 1903 488 1974 utrasque
512 1913 599 1955 nares
622 1894 742 1955 fluxerit
763 1897 915 1974 sanguinis
935 1895 1122 1956 abundantia.
1159 1896 1193 1956 Si

178 1985 295 2062 quando
324 1983 477 2044 ulcuscula
500 1987 529 2044 in
553 1983 676 2043 naribus
699 1983 824 2062 fuerint,
852 1983 1037 2044 sanabuntur
1059 1984 1234 2044 fomentum

178 2091 271 2152 aquae
299 2091 391 2151 purae
419 2072 529 2132 calidae
558 2090 612 2149 per
640 2071 743 2131 molles
772 2073 901 2149 sfungiae
933 2081 963 2132 et
996 2073 1191 2133 medicamen·

178 2170 277 2221 torum
300 2162 377 2220 inira
401 2163 581 2238 scriptorum
605 2162 810 2239 perunctione,
833 2160 863 2220 id
888 2169 934 2220 est
952 2179 1024 2221 suco
1044 2161 1080 2220 de
1100 2163 1192 2221 moris

178 2267 247 2309 cum
275 2250 343 2308 vino
370 2248 516 2326 tepefacto
540 2249 702 2328 permixto,
730 2249 884 2327 conposito
909 2249 945 2308 ad
969 2249 1192 2327 spissitudinem

127 2349 158 2397 10
178 2335 283 2395 mellis
319 2336 414 2395 Rosae
433 2336 532 2395 aridae
552 2334 596 2394 vel
615 2338 746 2395 recentis
765 2336 843 2396 foliis
863 2338 943 2396 tritis
962 2355 998 2396 ex
1018 2339 1084 2397 vino
1106 2337 1191 2398 melle

126 2437 158 2484 11
180 2423 294 2484 adiecto
318 2424 399 2483 inlici
423 2442 509 2483 nares
531 2422 603 2483 utile
623 2432 676 2484 est.
714 2423 792 2484 llvae
812 2427 977 2486 inmaturae
997 2443 1069 2486 suco
1088 2427 1192 2486 eodem
1208 2443 1236 2483 25

179 2511 266 2571 modo
287 2513 450 2590 conposito,
470 2530 529 2590 quo
548 2529 653 2571 sucum
673 2512 709 2572 de
723 2515 816 2572 moris
831 2515 960 2591 conponi
974 2513 1083 2574 debere
1103 2533 1192 2594 supra

127 2613 159 2660 12
179 2601 317 2680 diximus,
331 2618 419 2660 nares
433 2599 560 2660 fluentes
575 2599 683 2678 repleri
698 2602 941 2678 percommodum
957 2611 1011 2662 est.
1048 2601 1193 2663 Malorum

178 2689 359 2750 Punicorum
379 2688 510 2748 dulcium
529 2697 618 2766 atque
637 2689 790 2748 acidorum
810 2708 881 2750 suco
901 2691 1004 2750 eodem
1021 2691 1108 2750 modo
1123 2709 1192 2751 con-

127 2790 159 2837 13
179 2779 275 2856 posito
295 2795 382 2837 nares
402 2776 554 2855 stipandae
574 2785 652 2836 sunt.
689 2777 800 2856 llyrtae
819 2777 902 2839 bacis
917 2787 1005 2857 atque
1020 2777 1098 2838 foliis
1113 2782 1193 2840 tritis

179 2884 215 2925 ex
238 2868 306 2926 vino
329 2868 360 2925 in
379 2864 475 2925 mellis
494 2865 716 2943 spissitudinem
737 2868 790 2947 uti,
813 2875 955 2945 utsupra
975 2868 1119 2944 scriptum
1138 2874 1192 2948 est,
1208 2885 1236 2924 ao

128 2967 160 3013 14
180 2957 325 3014 convenit.
369 2954 411 3014 De
435 2952 609 3032 terebinthi,
633 2953 764 3032 lentisci,
787 2954 856 3015 rubi
880 2954 1037 3016 fruticibus
1061 2963 1090 3013 et
1113 2953 1192 3015 foliis

128 3055 159 3104 15
180 3060 251 3103 suco
276 3042 412 3102 similiter
435 3043 589 3120 conposito
613 3043 658 3102 uti
681 3041 811 3103 debebis.
850 3042 966 3103 Sertula
986 3042 1131 3120 Campana
1155 3062 1192 3103 ex

126 3144 159 3193 to
179 3149 266 3210 passo
286 3131 408 3192 decocta
427 3138 457 3191 et
471 3131 568 3191 infusa
583 3129 705 3190 naribus
720 3131 850 3208 prodest.
887 3131 945 3190 Mel
958 3143 1012 3208 per
1027 3148 1058 3190 se
1073 3139 1193 3193 coctum

179 3228 209 3280 et
228 3239 297 3282 cum
316 3220 390 3300 galla
406 3219 524 3299 Syriaca
539 3227 663 3280 contusa
677 3237 712 3278 ac
726 3221 810 3279 tenui
824 3218 924 3279 cribro
940 3221 1111 3279 transmissa
1126 3239 1194 3299 per-

127 3320 159 3369 11
178 3312 304 3372 mixtum
324 3319 412 3388 atque
432 3308 563 3369 infusum
582 3307 704 3367 naribus
721 3307 850 3386 prodest.
888 3306 1062 3367 Gravidines
1076 3311 1194 3370 narium
1209 3328 1235 3368 aa

180 3399 376 3477 sedabuntur,
401 3416 475 3476 quae
500 3415 535 3457 ex
560 3397 620 3456 sole
644 3404 695 3456 aut
717 3396 908 3474 perfrictione
930 3403 1121 3478 generantur,
1145 3398 1194 3458 ab·

180 3488 318 3546 stincntia
338 3487 474 3547 ciborum
493 3485 638 3545 salsorum
658 3492 688 3544 et
702 3485 780 3542 inter
794 3484 878 3542 initia
893 3485 960 3542 vino
976 3495 1100 3566 remoto,
1119 3505 1195 3566 aqua
