2540 3802
517 171 555 182 -
605 135 757 200 229-

125 299 216 378 oiam,
245 297 298 356 rha
323 296 440 358 Pontici
464 300 653 358 semunciam.
695 297 787 358 dloen
812 308 842 359 et
864 299 1029 360 mastichen
1053 302 1141 362 simul

125 394 207 446 teres
231 393 262 446 et
285 385 432 446 cribrabis
455 386 541 465 bene,
564 387 694 466 reliquas
719 389 833 466 species
856 389 887 447 in
906 387 965 466 pila
984 390 1092 450 tundes
1111 401 1141 452 et

124 474 273 536 cribrabis
296 474 373 535 bene
398 481 428 535 01
451 493 554 536 omnes
577 483 679 554 postea
701 477 844 536 inunum
864 477 1027 537 confundes
1047 486 1141 538 etre-

123 581 220 642 pones
239 563 398 642 diligenter
413 565 444 624 in
459 564 565 643 pyxide
581 564 802 644 qualicumque3
821 583 889 625 cum
903 564 1033 625 volueris
1047 569 1142 645 potio-

98 671 196 712 snem
220 652 291 713 dare
315 654 424 713 iecoris
448 655 519 713 vitio
541 651 696 732 laboranti,
719 655 750 712 in
774 652 829 713 0110
852 653 898 712 101
919 653 1044 714 caccabo
1064 657 1141 734 rudi,

125 741 180 801 sed
213 749 349 821 excocto,
382 743 567 820 quartarium
599 741 785 819 faenograeci
817 741 983 822 decoques3
1015 745 1142 820 primam

126 847 233 908 aquam
257 830 373 910 fundes,
397 848 465 890 cum
485 830 600 890 fervere
619 831 760 910 coeperit,
783 837 814 890 et
833 830 917 890 aliam
936 831 1051 910 fundes,
1073 850 1142 892 cum

125 917 267 999 fervebit3
290 921 410 980 tertiam
434 936 545 998 coques
569 918 604 978 ad
627 921 731 978 tertias
755 925 785 978 et
803 937 930 997 repones
949 937 1009 998 vas,
1031 921 1062 978 in
1082 938 1141 998 quio

124 1006 161 1067 ad
185 1010 291 1068 tertias
315 1008 470 1068 decoreris
493 1008 611 1068 faenum
635 1025 783 1086 graecum,
807 1026 874 1068 cum
897 1025 968 1068 suco
988 1015 1018 1067 et
1037 1025 1141 1067 umore

84 1115 111 1154 1o
127 1114 182 1156 suo
207 1105 237 1156 01
260 1096 330 1156 inde
353 1098 506 1174 potionem
529 1098 561 1156 in
584 1095 707 1156 calicem
729 1097 830 1156 mittes
854 1104 884 1155 01
906 1095 996 1156 addes
1020 1096 1056 1155 de
1077 1096 1142 1175 pul-

124 1203 196 1244 vere
226 1203 318 1262 supra
342 1186 455 1262 scripto
479 1184 612 1245 cocleare
636 1183 757 1264 plenum
783 1192 813 1244 01
837 1184 953 1263 quaudo
976 1186 1142 1266 accipitis,

124 1275 176 1334 oui
203 1273 385 1334 medendum
415 1275 485 1353 erit,
518 1273 651 1351 digestus
679 1280 710 1332 et
739 1274 858 1332 ieiunus
886 1274 1011 1351 00010101
1039 1282 1068 1332 01
1095 1291 1142 1333 ac-

125 1369 243 1440 ceptam
267 1363 420 1440 potionem
443 1361 520 1422 hene
543 1361 666 1440 digerat,
689 1364 731 1422 ita
752 1369 794 1441 ut,
818 1360 1032 1442 combiberit,
1056 1369 1141 1422 tenso

125 1449 249 1510 brachio
282 1451 388 1511 dextro
421 1452 516 1511 iaceat
547 1452 578 1509 in
611 1453 676 1528 ipso
709 1449 819 1530 latere,
851 1458 882 1510 et
912 1449 969 1509 hoo
1001 1467 1056 1528 per
1087 1452 1142 1510 tri-

84 1557 111 1598 15
127 1537 221 1599 duum
246 1539 384 1600 similiter
408 1539 508 1620 laciat;
531 1537 604 1598 haec
627 1539 709 1617 potio
731 1539 899 1598 iecoritioos
919 1539 1006 1598 etiam
1025 1545 1141 1597 veteres

124 1629 202 1688 mire
227 1639 318 1688 sanat.

215 1715 348 1796 Epaticis
376 1716 469 1777 herba
498 1722 657 1776 centaurea
674 1709 721 1775 'ex
748 1715 816 1774 vino
845 1713 965 1774 decocta
995 1731 1029 1774 ac
1057 1716 1140 1791 potui
1160 1727 1193 1774 32

123 1806 234 1865 ieiunis
254 1805 321 1866 data
339 1805 466 1866 mirifice
486 1803 651 1866 auxiliatur.
680 1802 796 1863 Herbae
812 1805 974 1863 vettonicae
989 1805 1019 1862 in
1034 1801 1139 1862 umbra
1158 1815 1191 1862 33

124 1894 272 1954 arefactae
299 1893 397 1973 pulvis
425 1912 461 1956 ex
489 1911 581 1972 aquae
610 1891 721 1952 calidae
749 1890 862 1970 cyathis
892 1890 1008 1951 duobus
1040 1893 1140 1952 ieiuno

84 2002 110 2041 no
124 1985 280 2044 iecoritioo
304 1985 390 2061 potui
412 1982 499 2042 datus
521 1981 677 2059 magnifice
700 1980 830 2059 prodest.

214 2070 299 2132 Potio
333 2070 527 2131 saluberrima
559 2069 596 2129 ad
629 2070 760 2148 epatioos
793 2086 810 2127 a
839 2065 993 2127 Procliano
1025 2066 1194 2128 1001110034

124 2168 258 2222 ostensa:
282 2158 418 2220 Ficatum
440 2158 504 2238 lupi
526 2160 678 2236 integrum
701 2157 779 2216 loliis
802 2155 880 2216 lauri
902 2154 1032 2215 involves
1051 2157 1141 2215 01110

123 2248 161 2308 ad
185 2248 279 2308 solem
298 2247 344 2308 101
363 2247 399 2307 ad
418 2250 518 2325 ignem
537 2245 664 2306 siccabis
682 2253 713 2305 et
732 2247 874 2305 siccatum
894 2243 1050 2322 diligenter
1072 2242 1140 2303 sub-

4 2385 5 2412 ÷
123 2335 192 2396 latis
211 2335 290 2396 foliis
309 2338 341 2395 in
359 2335 513 2414 pulverem
532 2335 665 2414 rediges3
690 2351 777 2412 quem
800 2331 951 2410 pulverem
971 2333 1001 2390 in
1021 2331 1139 2392 vasculo

4 2493 5 2510 ἢ
82 2442 109 2483 es
124 2425 220 2484 nitido
249 2423 382 2485 servabis
410 2433 498 2502 atque
527 2442 564 2484 ex
592 2442 627 2484 eo
660 2421 803 2482 coclearia
836 2420 895 2481 duo
928 2438 995 2480 cum
1027 2423 1139 2500 piperis

124 2515 225 2592 granis
250 2513 353 2573 deoem
377 2515 456 2573 tritis
480 2513 595 2572 adiecto
619 2510 705 2571 melle
724 2511 836 2588 optimo
855 2509 1029 2588 despumato
1049 2527 1139 2588 quan-

122 2609 189 2662 tum
214 2602 343 2662 sufficiat
366 2620 434 2662 cum
458 2603 578 2662 caroeni
601 2599 706 2679 cyatho
730 2601 761 2658 in
783 2599 903 2677 potione
927 2600 1027 2658 ieiuno
1046 2597 1138 2679 dabis,

124 2708 214 2769 quam
237 2692 322 2768 prius
345 2690 426 2750 ferro
450 2689 586 2751 candenti
611 2686 765 2748 calefacies
788 2693 819 2745 et
837 2685 994 2764 diligenter
1011 2689 1042 2747 in
1062 2704 1138 2747 mor-

4 2829 5 2856 0
123 2781 201 2840 10110
225 2777 422 2856 permiscebis
446 2779 621 2856 sedentique
645 2779 677 2836 in
695 2775 771 2836 10010
791 2773 882 2856 dabis,
906 2777 947 2836 110
965 2783 999 2836 ut
1018 2783 1138 2854 0000010

4 2859 5 2942 j
81 2887 109 2926 oo
123 2870 246 2947 potione
275 2869 437 2928 contractis
465 2864 591 2946 genibus
618 2865 691 2924 hora
718 2865 833 2942 integra
860 2865 891 2923 in
919 2864 1022 2925 dextro
1046 2864 1137 2924 latere

122 2959 218 3017 iaceat
242 2965 272 3016 et
294 2964 398 3034 postea
421 2955 467 3016 101
490 2973 549 3015 una
571 2955 644 3014 hora
668 2951 843 3013 deambulet,

214 3043 331 3105 Herbae
355 3043 502 3104 verbenae
527 3043 653 3102 solstitio
677 3040 769 3102 lectae
790 3040 887 3119 pulvis
906 3043 936 3100 in
956 3041 1138 3102 coclearibus
1157 3052 1190 3102 35

125 3137 258 3213 quinque
278 3151 346 3193 cum
365 3134 427 3192 viui
446 3131 561 3190 Aminei
580 3130 693 3209 cyathis
712 3129 809 3190 tribus
828 3131 928 3189 ieiuno
947 3131 1031 3208 potui
1052 3130 1137 3190 datus

122 3223 247 3283 mirifice
266 3221 399 3302 prodest,
424 3219 476 3280 sed
495 3237 550 3297 pro
570 3226 664 3279 aetate
684 3227 735 3278 aut
752 3217 865 3278 viribus
884 3219 974 3277 unius
993 3220 1137 3298 cuiusque

81 3327 108 3368 ee
125 3313 276 3388 potionem
305 3308 397 3369 dabis.
443 3308 528 3367 Asini
554 3308 638 3367 iecur
665 3309 769 3366 tritum
799 3323 867 3366 cum
900 3305 1079 3384 petroselino
1108 3316 1189 3370 0136

214 3505 228 3552 1
247 3499 300 3551 rha
317 3495 440 3566 Pontici]
460 3491 617 3563 reupontici
635 3493 710 3547 Ptin.
