2564 3794
500 137 741 202 -139-

112 299 200 377 serit,
224 299 323 358 statim
347 297 569 360 remediabitur.
611 292 732 381 Raucid,
756 300 780 358 si
804 301 835 358 in
858 298 974 359 balineo
998 299 1176 361 6166166666

111 395 143 447 66
170 392 269 446 aerem
298 385 425 447 calidum
453 389 531 447 intra
559 387 661 447 fauces
686 389 845 466 recipiant,
874 390 945 447 satis
973 388 1124 448 66116666.

112 474 218 536 Oleum
248 492 367 553 quoque
394 474 488 536 viride
516 477 622 536 16666
648 475 782 552 tepidum
805 483 926 535 teneant
949 483 980 536 et
1001 476 1124 537 adsidue

111 565 307 644 gargarizent,
326 566 415 623 etiam
433 565 465 623 in
483 563 598 643 balneo,
616 563 779 642 plurimum
797 563 928 642 prodest.
958 563 1002 624 Ad
1021 583 1123 625 vocem
1143 578 1177 627 aa

83 651 330 713 aclarificandam
358 651 488 712 radicem
517 651 648 732 edulem,
676 671 751 731 quae
775 654 891 712 incocta
920 652 1124 733 manducatur,

20 745 21 824 1
112 759 181 801 cum
204 739 300 800 mulso
324 758 419 819 coque
443 747 473 800 66
496 740 637 820 deinceps
660 743 759 818 ipsum
782 739 912 800 mulsum
935 739 1004 800 bibe
1028 749 1058 800 66
1079 759 1124 801 66·

111 829 209 889 dicem
233 830 327 908 ipsam
346 828 500 888 manduca.
534 828 577 888 Ad
596 847 683 888 uvam
702 827 900 889 destillantem
920 828 1030 908 platani
1048 829 1123 907 pilu·
1143 843 1176 890 63

111 915 179 996 lam,
203 935 290 996 quam
314 916 495 994 singularem
518 919 681 997 inveneriS,
706 916 767 977 lino
795 919 948 977 traiectam
975 917 1124 996 suspende

111 1005 187 1066 collo
210 1005 381 1066 laborantis.
418 1005 510 1066 Uvam
533 1005 727 1066 caniculatam
750 1013 780 1065 et
803 1005 932 1065 cocleam
954 1023 1124 1083 germanam
1143 1018 1177 1066 64

71 1113 97 1153 m
112 1094 254 1156 combure
283 1102 313 1154 et
340 1103 461 1154 contere
490 1102 578 1172 atque
609 1112 645 1153 ex
673 1112 708 1153 eo
741 1093 863 1172 pulvere
893 1097 984 1154 mixto
1016 1093 1124 1173 pollice

111 1201 227 1244 summo
247 1181 293 1243 661
312 1190 393 1243 66666
412 1181 559 1243 666166616
579 1201 665 1242 uvam
684 1184 784 1242 ieiuno
803 1189 891 1260 tange
908 1201 962 1260 per
981 1183 1123 1244 triduum.

110 1271 227 1332 Herbae
251 1270 416 1350 cymbalitis
443 1271 574 1332 radicem
602 1279 669 1331 ante
693 1270 764 1331 solis
792 1279 892 1332 ortum
919 1270 1024 1350 collige
1053 1274 1176 1332 6161-66

111 1369 190 1420 66666
214 1377 320 1420 manus
344 1360 444 1439 digitis
466 1359 572 1439 pollice
602 1368 631 1420 66
659 1359 828 1420 medicinali
850 1363 881 1420 in
906 1362 1025 1420 nomine
1049 1363 1123 1439 eius,

111 1451 163 1526 qui
185 1467 272 1508 arvam
295 1447 416 1530 dolebit,
438 1455 470 1508 et
492 1447 561 1508 licio
585 1448 760 1526 conligatam
784 1447 859 1509 collo
881 1450 946 1509 cius
965 1449 1122 1528 suspende.

70 1556 96 1596 15
111 1536 211 1598 Piccm
230 1536 347 1596 mollem
367 1535 491 1598 cerebro
511 1538 576 1597 eius
589 1539 708 1616 inpone,
732 1539 782 1614 qui
799 1555 885 1597 uvam
900 1535 1020 1616 dolebit,
1039 1555 1122 1616 prae·
1142 1549 1176 1597 66

110 1628 190 1705 cipe,
216 1633 250 1685 ut
273 1643 364 1704 super
387 1625 477 1686 limen
506 1634 587 1686 stans
615 1626 765 1703 superiori
790 1623 885 1684 limini
907 1627 1001 1703 ipsam
1025 1627 1122 1702 picem

110 1715 207 1792 capite
230 1731 285 1774 suo
308 1714 424 1793 adligat.
457 1714 501 1773 lu
524 1712 657 1773 dolorem
681 1731 754 1772 6666
778 1711 892 1773 scribes
915 1716 946 1771 in
970 1712 1072 1772 charta
1091 1721 1122 1773 66
1140 1725 1174 1773 oi

109 1801 186 1863 collo
205 1801 367 1863 laborantis
381 1801 502 1862 linteolo
518 1801 697 1880 suspendes:
720 1799 856 1860 Formica
874 1802 1049 1878 sanguinem
1063 1819 1121 1861 non
1209 1827 1213 1834 ·

110 1891 199 1951 habet
222 1909 277 1952 nec
301 1891 348 1973 iel,
372 1891 440 1969 fuge
464 1908 529 1970 uva,
553 1907 590 1950 ue
613 1907 721 1950 cancer
740 1897 768 1948 te
793 1888 936 1950 comedat.
970 1889 1122 1971 Arancam,
1142 1901 1176 1948 66

70 1998 97 2038 ao
112 1998 186 2058 quae
210 1997 329 2040 sursum
353 1998 457 2039 versus
482 1978 563 2038 subit
582 1986 612 2038 66
630 1980 713 2058 texit,
735 1977 865 2056 prandes
884 1984 914 2036 66
932 1995 1040 2037 nomen
1059 1980 1123 2038 eius

17 2101 18 2126 t
111 2069 202 2149 dices,
225 2070 274 2128 cui
297 2067 476 2128 medendum
499 2069 565 2147 crit,
588 2073 619 2126 et
641 2066 765 2126 adicies:
789 2065 838 2125 Sic
859 2067 919 2126 cito
943 2065 1048 2126 subeat
1067 2084 1123 2126 uva

112 2161 192 2239 eins,
220 2175 308 2235 quem
336 2158 472 2236 nomino,
501 2155 647 2234 quomodo
675 2172 780 2214 aranea
805 2154 878 2214 baec
902 2172 1022 2214 sursum
1045 2156 1124 2233 repit

110 2256 141 2306 ct
169 2247 258 2326 texit5
290 2254 354 2306 tum
381 2247 476 2323 ipsam
505 2262 640 2304 araneam
669 2246 700 2303 in
729 2243 860 2304 chartam
889 2245 1034 2322 virginem
1061 2243 1122 2304 lino

112 2334 216 2414 ligabis
245 2342 275 2394 66
302 2333 377 2395 66116
405 2332 567 2393 laborantis
596 2331 761 2411 suspendes
789 2331 836 2392 die
860 2331 950 2412 lovis;
976 2331 1028 2392 sed
1052 2331 1123 2392 dum

71 2441 98 2481 aa
113 2423 242 2503 prendas
269 2440 405 2482 araneam
433 2421 479 2482 661
502 2420 716 2501 phylacterium
740 2419 854 2501 alligas,
882 2429 929 2480 ter
957 2422 1122 2480 interram

112 2530 210 2590 spues.
240 2510 422 2571 Medicameu
442 2512 606 2570 causticam
626 2509 661 2568 ad
681 2526 767 2568 uvam
783 2511 846 2569 6166
862 2508 941 2569 16666
956 2508 1123 2589 tollendam,
1143 2519 1176 2567 69

112 2600 149 2660 de
173 2619 231 2680 quo
255 2601 343 2660 etiam
367 2601 481 2660 sciatici
504 2605 661 2659 curantur:
687 2596 781 2657 Calcis
800 2599 882 2657 vivae
902 2629 943 2640 ·-
959 2595 980 2678 l,
1004 2600 1123 2676 saponis

112 2689 171 2748 albi
188 2688 295 2768 pilulas
313 2687 362 2767 lll,
382 2687 534 2767 sinopidis,
552 2686 609 2747 hoc
628 2694 674 2746 666
695 2688 788 2766 minii,
810 2686 969 2766 modicum,
993 2686 1123 2765 lixirum,

112 2777 191 2837 unde
215 2785 376 2857 operantur
396 2775 580 2854 coactiliarii,
604 2774 798 2855 aliquantum3
821 2776 852 2834 in
871 2793 964 2835 unum
983 2775 1123 2835 miscebis

70 2883 99 2923 ao
113 2865 185 2926 haec
209 2873 240 2926 et
262 2863 423 2944 coagitabis
446 2865 496 2924 diu
521 2871 551 2924 66
569 2865 734 2942 repositum
753 2862 885 2943 habebis,
908 2871 942 2923 ut
961 2881 1028 2924 cum
1048 2881 1123 2942 opus

113 2955 203 3014 luerit
226 2955 329 3014 utaris.

201 3042 368 3120 Descriptio
396 3039 538 3102 trochisci
566 3040 702 3119 plurimis
730 3041 802 3100 satis
830 3039 925 3119 utilis,
956 3039 986 3100 id
1018 3047 1064 3100 est
1086 3039 1122 3099 ad
1142 3049 1175 3098 io

114 3139 243 3192 vetustas
270 3139 369 3190 tusses
397 3139 427 3190 et
454 3139 600 3209 reumata,
629 3147 704 3207 quae
732 3130 763 3188 in
790 3130 907 3188 arteriis
930 3137 1124 3206 consurgunt,

185 3284 421 3352 2666666166).
482 3281 736 3336 dolarificandum.
796 3279 959 3334 8treiecta.
1014 3277 1124 3332 96661-

113 3355 225 3409 clniam.
300 3360 333 3408 10
352 3354 492 3408 cumbere.
557 3358 591 3406 16
609 3351 701 3404 limini
719 3351 832 3420 scripsi.-
850 3349 944 3402 limiti.
1017 3352 1048 3401 18
1068 3348 1123 3400 iur-

113 3427 193 3482 mica.
246 3432 278 3480 19
297 3425 384 3480 habit.
435 3422 612 3492 6666111366.
663 3429 696 3476 61
716 3419 947 3488 66666116166616).
996 3424 1030 3472 28
1046 3435 1124 3473 6666-

112 3495 193 3566 pidis.
267 3502 300 3550 32
319 3496 447 3564 plurimis
465 3495 547 3549 rebus
568 3493 728 3549 0666666166.
