<?xml version="1.0" encoding="UTF-8"?>
<!DOCTYPE html PUBLIC "-//W3C//DTD XHTML 1.0 Transitional//EN"
    "http://www.w3.org/TR/xhtml1/DTD/xhtml1-transitional.dtd">
<html xmlns="http://www.w3.org/1999/xhtml" xml:lang="en" lang="en">
 <head>
  <title>
</title>
<meta http-equiv="Content-Type" content="text/html;charset=utf-8" />
  <meta name='ocr-system' content='tesseract 3.04.00' />
  <meta name='ocr-capabilities' content='ocr_page ocr_carea ocr_par ocr_line ocrx_word'/>
</head>
<body>
  <div class='ocr_page' id='page_1' title='image "./marcellidemedic02helmgoog_0019.png"; bbox 0 0 2636 3790; ppageno 0'>
   <div class='ocr_carea' id='block_1_1' title="bbox 516 68 707 130">
    <p class='ocr_par' dir='ltr' id='par_1_1' title="bbox 516 68 707 130">
     <span class='ocr_line' id='line_1_1' title="bbox 516 68 707 130; baseline 0 -18"><span class='ocrx_word' id='word_1_1' title='bbox 516 68 707 130; x_wconf 45' lang='grc' dir='ltr'><strong>..ῖς</strong></span> 
     </span>
    </p>
   </div>
   <div class='ocr_carea' id='block_1_2' title="bbox 68 227 1152 667">
    <p class='ocr_par' dir='ltr' id='par_1_2' title="bbox 68 227 1152 667">
     <span class='ocr_line' id='line_1_2' title="bbox 99 227 1116 310; baseline -0.001 -19"><span class='ocrx_word' id='word_1_2' title='bbox 99 231 251 310; x_wconf 85' lang='lat' dir='ltr'>pulmonis</span> <span class='ocrx_word' id='word_1_3' title='bbox 274 228 376 289; x_wconf 90' lang='lat' dir='ltr'><strong>labore</strong></span> <span class='ocrx_word' id='word_1_4' title='bbox 400 227 564 310; x_wconf 82' lang='lat' dir='ltr'><strong>vexabitur,</strong></span> <span class='ocrx_word' id='word_1_5' title='bbox 588 228 729 289; x_wconf 81' lang='lat' dir='ltr'><strong>frenesim</strong></span> <span class='ocrx_word' id='word_1_6' title='bbox 751 228 922 310; x_wconf 84' lang='lat' dir='ltr'>sustinebit,</span> <span class='ocrx_word' id='word_1_7' title='bbox 947 237 1028 290; x_wconf 89' lang='lat' dir='ltr'><strong>atrae</strong></span> <span class='ocrx_word' id='word_1_8' title='bbox 1047 228 1116 290; x_wconf 91' lang='lat' dir='ltr'><strong>bilis</strong></span> 
     </span>
     <span class='ocr_line' id='line_1_3' title="bbox 100 317 1116 396; baseline -0.003 -15"><span class='ocrx_word' id='word_1_9' title='bbox 100 320 209 380; x_wconf 90' lang='lat' dir='ltr'><strong>infesta</strong></span> <span class='ocrx_word' id='word_1_10' title='bbox 232 319 392 380; x_wconf 85' lang='lat' dir='ltr'><strong>commotio</strong></span> <span class='ocrx_word' id='word_1_11' title='bbox 416 317 452 377; x_wconf 91' lang='lat' dir='ltr'><strong>ad</strong></span> <span class='ocrx_word' id='word_1_12' title='bbox 476 335 571 396; x_wconf 90' lang='lat' dir='ltr'><strong>usque</strong></span> <span class='ocrx_word' id='word_1_13' title='bbox 594 319 696 378; x_wconf 84' lang='lat' dir='ltr'><strong>vesani</strong></span> <span class='ocrx_word' id='word_1_14' title='bbox 720 335 788 378; x_wconf 89' lang='lat' dir='ltr'><strong>eum</strong></span> <span class='ocrx_word' id='word_1_15' title='bbox 814 318 924 378; x_wconf 88' lang='lat' dir='ltr'><strong>furoris</strong></span> <span class='ocrx_word' id='word_1_16' title='bbox 949 317 1116 396; x_wconf 91' lang='lat' dir='ltr'><strong>periculum</strong></span> 
     </span>
     <span class='ocr_line' id='line_1_4' title="bbox 98 399 1116 488; baseline -0.003 -18"><span class='ocrx_word' id='word_1_17' title='bbox 98 409 212 488; x_wconf 85' lang='lat' dir='ltr'><strong>trahet,</strong></span> <span class='ocrx_word' id='word_1_18' title='bbox 240 405 400 469; x_wconf 88' lang='lat' dir='ltr'><strong>iactabitur</strong></span> <span class='ocrx_word' id='word_1_19' title='bbox 427 405 562 466; x_wconf 83' lang='lat' dir='ltr'><strong>febribus</strong></span> <span class='ocrx_word' id='word_1_20' title='bbox 590 399 698 486; x_wconf 90' lang='lat' dir='ltr'><strong>acutis&#39;,</strong></span> <span class='ocrx_word' id='word_1_21' title='bbox 726 408 813 484; x_wconf 91' lang='lat' dir='ltr'><strong>inops</strong></span> <span class='ocrx_word' id='word_1_22' title='bbox 837 409 933 467; x_wconf 92' lang='lat' dir='ltr'><strong>somni</strong></span> <span class='ocrx_word' id='word_1_23' title='bbox 956 406 1116 484; x_wconf 77' lang='lat' dir='ltr'><strong>agitabitur</strong></span> 
     </span>
     <span class='ocr_line' id='line_1_5' title="bbox 98 493 1152 577; baseline -0.004 -19"><span class='ocrx_word' id='word_1_24' title='bbox 98 497 278 577; x_wconf 85' lang='lat' dir='ltr'><strong>perniciosis</strong></span> <span class='ocrx_word' id='word_1_25' title='bbox 298 494 414 573; x_wconf 85' lang='lat' dir='ltr'><strong>vigiliis.</strong></span> <span class='ocrx_word' id='word_1_26' title='bbox 451 493 482 554; x_wconf 88' lang='lat' dir='ltr'><strong>Si</strong></span> <span class='ocrx_word' id='word_1_27' title='bbox 501 493 619 572; x_wconf 89' lang='lat' dir='ltr'><strong>quando</strong></span> <span class='ocrx_word' id='word_1_28' title='bbox 638 503 737 555; x_wconf 89' lang='lat' dir='ltr'><strong>autem</strong></span> <span class='ocrx_word' id='word_1_29' title='bbox 756 493 878 555; x_wconf 89' lang='lat' dir='ltr'><strong>morbus</strong></span> <span class='ocrx_word' id='word_1_30' title='bbox 897 513 914 554; x_wconf 92' lang='lat' dir='ltr'><strong>a</strong></span> <span class='ocrx_word' id='word_1_31' title='bbox 932 503 1035 557; x_wconf 86' lang='lat' dir='ltr'><strong>ventre</strong></span> <span class='ocrx_word' id='word_1_32' title='bbox 1054 506 1152 556; x_wconf 78' lang='lat' dir='ltr'><strong>mot</strong></span> 
     </span>
     <span class='ocr_line' id='line_1_6' title="bbox 68 583 1116 667; baseline 0.003 -26"><span class='ocrx_word' id='word_1_33' title='bbox 68 587 186 667; x_wconf 81' lang='lat' dir='ltr'><strong>shtnr,</strong></span> <span class='ocrx_word' id='word_1_34' title='bbox 216 586 269 663; x_wconf 89' lang='lat' dir='ltr'><strong>qui</strong></span> <span class='ocrx_word' id='word_1_35' title='bbox 296 591 327 644; x_wconf 91' lang='lat' dir='ltr'><strong>et</strong></span> <span class='ocrx_word' id='word_1_36' title='bbox 353 585 417 662; x_wconf 93' lang='lat' dir='ltr'><strong>ipse</strong></span> <span class='ocrx_word' id='word_1_37' title='bbox 441 583 617 643; x_wconf 83' lang='lat' dir='ltr'><strong>multiformi</strong></span> <span class='ocrx_word' id='word_1_38' title='bbox 640 590 792 661; x_wconf 90' lang='lat' dir='ltr'><strong>grassatur</strong></span> <span class='ocrx_word' id='word_1_39' title='bbox 814 583 1013 664; x_wconf 87' lang='lat' dir='ltr'><strong>incommodo,</strong></span> <span class='ocrx_word' id='word_1_40' title='bbox 1042 584 1116 646; x_wconf 90' lang='lat' dir='ltr'><strong>haec</strong></span> 
     </span>
    </p>
   </div>
   <div class='ocr_carea' id='block_1_3' title="bbox 53 671 1149 3056">
    <p class='ocr_par' dir='ltr' id='par_1_3' title="bbox 53 671 1149 3056">
     <span class='ocr_line' id='line_1_7' title="bbox 99 671 1116 753; baseline -0.002 -18"><span class='ocrx_word' id='word_1_41' title='bbox 99 678 182 753; x_wconf 90' lang='lat' dir='ltr'><strong>signa</strong></span> <span class='ocrx_word' id='word_1_42' title='bbox 208 673 387 751; x_wconf 87' lang='lat' dir='ltr'><strong>praemittit:</strong></span> <span class='ocrx_word' id='word_1_43' title='bbox 423 679 582 750; x_wconf 88' lang='lat' dir='ltr'><strong>torquetur</strong></span> <span class='ocrx_word' id='word_1_44' title='bbox 610 671 691 732; x_wconf 88' lang='lat' dir='ltr'><strong>alvus</strong></span> <span class='ocrx_word' id='word_1_45' title='bbox 722 679 752 732; x_wconf 90' lang='lat' dir='ltr'><strong>et</strong></span> <span class='ocrx_word' id='word_1_46' title='bbox 780 680 933 750; x_wconf 90' lang='lat' dir='ltr'><strong>correptos</strong></span> <span class='ocrx_word' id='word_1_47' title='bbox 962 671 1045 732; x_wconf 94' lang='lat' dir='ltr'><strong>cibos</strong></span> <span class='ocrx_word' id='word_1_48' title='bbox 1073 675 1116 734; x_wconf 89' lang='lat' dir='ltr'><strong>in·</strong></span> 
     </span>
     <span class='ocr_line' id='line_1_8' title="bbox 97 759 1116 843; baseline -0.004 -19"><span class='ocrx_word' id='word_1_49' title='bbox 97 763 262 824; x_wconf 91' lang='lat' dir='ltr'><strong>moderatis</strong></span> <span class='ocrx_word' id='word_1_50' title='bbox 281 759 427 821; x_wconf 88' lang='lat' dir='ltr'><strong>fluoribus</strong></span> <span class='ocrx_word' id='word_1_51' title='bbox 445 760 552 840; x_wconf 90' lang='lat' dir='ltr'><strong>fundit,</strong></span> <span class='ocrx_word' id='word_1_52' title='bbox 575 768 663 838; x_wconf 89' lang='lat' dir='ltr'><strong>potus</strong></span> <span class='ocrx_word' id='word_1_53' title='bbox 682 762 714 820; x_wconf 93' lang='lat' dir='ltr'><strong>in</strong></span> <span class='ocrx_word' id='word_1_54' title='bbox 733 759 960 821; x_wconf 81' lang='lat' dir='ltr'><strong>amaritudinem</strong></span> <span class='ocrx_word' id='word_1_55' title='bbox 981 763 1116 843; x_wconf 90' lang='lat' dir='ltr'><strong>vertitur,</strong></span> 
     </span>
     <span class='ocr_line' id='line_1_9' title="bbox 96 848 1115 927; baseline -0.003 -14"><span class='ocrx_word' id='word_1_56' title='bbox 96 850 304 913; x_wconf 89' lang='lat' dir='ltr'><strong>membrorum</strong></span> <span class='ocrx_word' id='word_1_57' title='bbox 332 851 464 909; x_wconf 91' lang='lat' dir='ltr'><strong>omnium</strong></span> <span class='ocrx_word' id='word_1_58' title='bbox 493 851 626 910; x_wconf 84' lang='lat' dir='ltr'><strong>existunt</strong></span> <span class='ocrx_word' id='word_1_59' title='bbox 649 848 766 910; x_wconf 88' lang='lat' dir='ltr'><strong>dolores</strong></span> <span class='ocrx_word' id='word_1_60' title='bbox 790 867 879 910; x_wconf 89' lang='lat' dir='ltr'><strong>causa</strong></span> <span class='ocrx_word' id='word_1_61' title='bbox 901 848 1011 910; x_wconf 90' lang='lat' dir='ltr'><strong>latente</strong></span> <span class='ocrx_word' id='word_1_62' title='bbox 1034 867 1115 927; x_wconf 90' lang='lat' dir='ltr'><strong>gras·</strong></span> 
     </span>
     <span class='ocr_line' id='line_1_10' title="bbox 97 936 1115 1018; baseline -0.004 -17"><span class='ocrx_word' id='word_1_63' title='bbox 97 948 209 1018; x_wconf 90' lang='lat' dir='ltr'><strong>santes,</strong></span> <span class='ocrx_word' id='word_1_64' title='bbox 233 939 329 998; x_wconf 91' lang='lat' dir='ltr'><strong>fervet</strong></span> <span class='ocrx_word' id='word_1_65' title='bbox 345 939 445 998; x_wconf 91' lang='lat' dir='ltr'><strong>nimiis</strong></span> <span class='ocrx_word' id='word_1_66' title='bbox 459 936 621 998; x_wconf 92' lang='lat' dir='ltr'><strong>ruboribus</strong></span> <span class='ocrx_word' id='word_1_67' title='bbox 636 956 746 1017; x_wconf 90' lang='lat' dir='ltr'><strong>corpus</strong></span> <span class='ocrx_word' id='word_1_68' title='bbox 760 945 791 998; x_wconf 93' lang='lat' dir='ltr'><strong>et</strong></span> <span class='ocrx_word' id='word_1_69' title='bbox 804 939 900 999; x_wconf 90' lang='lat' dir='ltr'><strong>acutis</strong></span> <span class='ocrx_word' id='word_1_70' title='bbox 914 945 1003 1018; x_wconf 88' lang='lat' dir='ltr'><strong>atque</strong></span> <span class='ocrx_word' id='word_1_71' title='bbox 1018 937 1115 998; x_wconf 90' lang='lat' dir='ltr'><strong>occul-</strong></span> 
     </span>
     <span class='ocr_line' id='line_1_11' title="bbox 53 1025 1115 1089; baseline -0.003 0"><span class='ocrx_word' id='word_1_72' title='bbox 53 1044 80 1082; x_wconf 80' lang='grc' dir='ltr'><strong>ιο</strong></span> <span class='ocrx_word' id='word_1_73' title='bbox 96 1032 136 1089; x_wconf 89' lang='lat' dir='ltr'><strong>tis</strong></span> <span class='ocrx_word' id='word_1_74' title='bbox 160 1026 299 1088; x_wconf 88' lang='lat' dir='ltr'><strong>febribus</strong></span> <span class='ocrx_word' id='word_1_75' title='bbox 317 1026 488 1086; x_wconf 79' lang='lat' dir='ltr'><strong>inardescit.</strong></span> <span class='ocrx_word' id='word_1_76' title='bbox 520 1026 686 1086; x_wconf 78' lang='lat' dir='ltr'><strong>Adversum</strong></span> <span class='ocrx_word' id='word_1_77' title='bbox 702 1026 775 1088; x_wconf 88' lang='lat' dir='ltr'><strong>haec</strong></span> <span class='ocrx_word' id='word_1_78' title='bbox 794 1035 898 1088; x_wconf 87' lang='lat' dir='ltr'><strong>venter</strong></span> <span class='ocrx_word' id='word_1_79' title='bbox 918 1035 964 1088; x_wconf 90' lang='lat' dir='ltr'><strong>est</strong></span> <span class='ocrx_word' id='word_1_80' title='bbox 982 1025 1115 1087; x_wconf 88' lang='lat' dir='ltr'><strong>mollien-</strong></span> 
     </span>
     <span class='ocr_line' id='line_1_12' title="bbox 96 1115 1114 1196; baseline -0.002 -18"><span class='ocrx_word' id='word_1_81' title='bbox 96 1119 154 1178; x_wconf 89' lang='lat' dir='ltr'><strong>dus</strong></span> <span class='ocrx_word' id='word_1_82' title='bbox 170 1118 236 1176; x_wconf 90' lang='lat' dir='ltr'><strong>sine</strong></span> <span class='ocrx_word' id='word_1_83' title='bbox 252 1115 357 1194; x_wconf 90' lang='lat' dir='ltr'><strong>grandi</strong></span> <span class='ocrx_word' id='word_1_84' title='bbox 371 1133 443 1175; x_wconf 86' lang='lat' dir='ltr'><strong>cura</strong></span> <span class='ocrx_word' id='word_1_85' title='bbox 458 1122 509 1175; x_wconf 89' lang='lat' dir='ltr'><strong>aut</strong></span> <span class='ocrx_word' id='word_1_86' title='bbox 519 1116 600 1193; x_wconf 88' lang='lat' dir='ltr'><strong>gravi</strong></span> <span class='ocrx_word' id='word_1_87' title='bbox 609 1115 832 1176; x_wconf 90' lang='lat' dir='ltr'><strong>medicamento.</strong></span> <span class='ocrx_word' id='word_1_88' title='bbox 852 1115 926 1176; x_wconf 89' lang='lat' dir='ltr'><strong>Nam</strong></span> <span class='ocrx_word' id='word_1_89' title='bbox 936 1117 988 1196; x_wconf 89' lang='lat' dir='ltr'><strong>qui</strong></span> <span class='ocrx_word' id='word_1_90' title='bbox 997 1115 1114 1195; x_wconf 91' lang='lat' dir='ltr'><strong>lapatho</strong></span> 
     </span>
     <span class='ocr_line' id='line_1_13' title="bbox 95 1203 1114 1284; baseline -0.003 -17"><span class='ocrx_word' id='word_1_91' title='bbox 95 1206 144 1267; x_wconf 91' lang='lat' dir='ltr'><strong>vel</strong></span> <span class='ocrx_word' id='word_1_92' title='bbox 158 1203 332 1265; x_wconf 87' lang='lat' dir='ltr'><strong>mercuriali</strong></span> <span class='ocrx_word' id='word_1_93' title='bbox 346 1203 439 1264; x_wconf 87' lang='lat' dir='ltr'><strong>herba</strong></span> <span class='ocrx_word' id='word_1_94' title='bbox 452 1221 526 1264; x_wconf 91' lang='lat' dir='ltr'><strong>usus</strong></span> <span class='ocrx_word' id='word_1_95' title='bbox 538 1203 638 1284; x_wconf 89' lang='lat' dir='ltr'><strong>fuerit,</strong></span> <span class='ocrx_word' id='word_1_96' title='bbox 652 1205 806 1264; x_wconf 92' lang='lat' dir='ltr'><strong>commode</strong></span> <span class='ocrx_word' id='word_1_97' title='bbox 817 1203 914 1265; x_wconf 87' lang='lat' dir='ltr'><strong>alvum</strong></span> <span class='ocrx_word' id='word_1_98' title='bbox 928 1203 1114 1284; x_wconf 86' lang='lat' dir='ltr'><strong>temperabit.</strong></span> 
     </span>
     <span class='ocr_line' id='line_1_14' title="bbox 97 1291 1114 1373; baseline -0.004 -17"><span class='ocrx_word' id='word_1_99' title='bbox 97 1295 130 1356; x_wconf 88' lang='lat' dir='ltr'><strong>Si</strong></span> <span class='ocrx_word' id='word_1_100' title='bbox 150 1311 258 1373; x_wconf 90' lang='lat' dir='ltr'><strong>parum</strong></span> <span class='ocrx_word' id='word_1_101' title='bbox 276 1292 413 1371; x_wconf 88' lang='lat' dir='ltr'><strong>proficiet</strong></span> <span class='ocrx_word' id='word_1_102' title='bbox 431 1292 505 1353; x_wconf 89' lang='lat' dir='ltr'><strong>haec</strong></span> <span class='ocrx_word' id='word_1_103' title='bbox 524 1291 648 1352; x_wconf 88' lang='lat' dir='ltr'><strong>medella</strong></span> <span class='ocrx_word' id='word_1_104' title='bbox 667 1301 697 1352; x_wconf 94' lang='lat' dir='ltr'><strong>et</strong></span> <span class='ocrx_word' id='word_1_105' title='bbox 716 1311 806 1373; x_wconf 91' lang='lat' dir='ltr'><strong>supra</strong></span> <span class='ocrx_word' id='word_1_106' title='bbox 825 1293 904 1354; x_wconf 90' lang='lat' dir='ltr'><strong>dicta</strong></span> <span class='ocrx_word' id='word_1_107' title='bbox 922 1294 1031 1354; x_wconf 91' lang='lat' dir='ltr'><strong>indicia</strong></span> <span class='ocrx_word' id='word_1_108' title='bbox 1047 1311 1114 1372; x_wconf 92' lang='lat' dir='ltr'><strong>per·</strong></span> 
     </span>
     <span class='ocr_line' id='line_1_15' title="bbox 96 1381 1114 1461; baseline -0.005 -16"><span class='ocrx_word' id='word_1_109' title='bbox 96 1381 292 1460; x_wconf 83' lang='lat' dir='ltr'><strong>severabunt,</strong></span> <span class='ocrx_word' id='word_1_110' title='bbox 316 1381 458 1441; x_wconf 91' lang='lat' dir='ltr'><strong>decoctus</strong></span> <span class='ocrx_word' id='word_1_111' title='bbox 482 1382 595 1441; x_wconf 89' lang='lat' dir='ltr'><strong>urticae</strong></span> <span class='ocrx_word' id='word_1_112' title='bbox 619 1399 709 1442; x_wconf 90' lang='lat' dir='ltr'><strong>sucus</strong></span> <span class='ocrx_word' id='word_1_113' title='bbox 728 1384 812 1461; x_wconf 91' lang='lat' dir='ltr'><strong>potui</strong></span> <span class='ocrx_word' id='word_1_114' title='bbox 831 1381 958 1442; x_wconf 90' lang='lat' dir='ltr'><strong>dabitur.</strong></span> <span class='ocrx_word' id='word_1_115' title='bbox 995 1381 1114 1442; x_wconf 92' lang='lat' dir='ltr'><strong>Utiliter</strong></span> 
     </span>
     <span class='ocr_line' id='line_1_16' title="bbox 55 1469 1114 1550; baseline 0.004 -24"><span class='ocrx_word' id='word_1_116' title='bbox 55 1487 80 1526; x_wconf 81' lang='lat' dir='ltr'><strong>as</strong></span> <span class='ocrx_word' id='word_1_117' title='bbox 96 1473 289 1550; x_wconf 89' lang='lat' dir='ltr'><strong>accipiuntur</strong></span> <span class='ocrx_word' id='word_1_118' title='bbox 313 1477 343 1530; x_wconf 92' lang='lat' dir='ltr'><strong>et</strong></span> <span class='ocrx_word' id='word_1_119' title='bbox 366 1487 467 1548; x_wconf 80' lang='lat' dir='ltr'><strong>cymae</strong></span> <span class='ocrx_word' id='word_1_120' title='bbox 491 1469 621 1530; x_wconf 92' lang='lat' dir='ltr'><strong>caulium</strong></span> <span class='ocrx_word' id='word_1_121' title='bbox 644 1469 737 1530; x_wconf 89' lang='lat' dir='ltr'><strong>multa</strong></span> <span class='ocrx_word' id='word_1_122' title='bbox 760 1489 836 1550; x_wconf 89' lang='lat' dir='ltr'><strong>aqua</strong></span> <span class='ocrx_word' id='word_1_123' title='bbox 855 1471 1046 1532; x_wconf 85' lang='lat' dir='ltr'><strong>vehementer</strong></span> <span class='ocrx_word' id='word_1_124' title='bbox 1065 1489 1114 1530; x_wconf 84' lang='lat' dir='ltr'><strong>ex-</strong></span> 
     </span>
     <span class='ocr_line' id='line_1_17' title="bbox 96 1557 1114 1640; baseline -0.003 -19"><span class='ocrx_word' id='word_1_125' title='bbox 96 1569 216 1640; x_wconf 90' lang='lat' dir='ltr'><strong>coctae,</strong></span> <span class='ocrx_word' id='word_1_126' title='bbox 236 1561 324 1618; x_wconf 88' lang='lat' dir='ltr'><strong>etiam</strong></span> <span class='ocrx_word' id='word_1_127' title='bbox 343 1557 492 1618; x_wconf 89' lang='lat' dir='ltr'><strong>brassicae</strong></span> <span class='ocrx_word' id='word_1_128' title='bbox 512 1577 599 1618; x_wconf 87' lang='lat' dir='ltr'><strong>umor</strong></span> <span class='ocrx_word' id='word_1_129' title='bbox 617 1559 703 1620; x_wconf 89' lang='lat' dir='ltr'><strong>melle</strong></span> <span class='ocrx_word' id='word_1_130' title='bbox 725 1559 853 1620; x_wconf 83' lang='lat' dir='ltr'><strong>admixto</strong></span> <span class='ocrx_word' id='word_1_131' title='bbox 874 1567 903 1620; x_wconf 94' lang='lat' dir='ltr'><strong>et</strong></span> <span class='ocrx_word' id='word_1_132' title='bbox 917 1577 1038 1638; x_wconf 87' lang='lat' dir='ltr'><strong>asperso</strong></span> <span class='ocrx_word' id='word_1_133' title='bbox 1053 1557 1114 1618; x_wconf 92' lang='lat' dir='ltr'><strong>sale</strong></span> 
     </span>
     <span class='ocr_line' id='line_1_18' title="bbox 95 1645 1149 1728; baseline -0.007 -18"><span class='ocrx_word' id='word_1_134' title='bbox 95 1655 285 1728; x_wconf 89' lang='lat' dir='ltr'><strong>temperatus</strong></span> <span class='ocrx_word' id='word_1_135' title='bbox 299 1645 362 1706; x_wconf 92' lang='lat' dir='ltr'><strong>bibi</strong></span> <span class='ocrx_word' id='word_1_136' title='bbox 376 1645 465 1706; x_wconf 90' lang='lat' dir='ltr'><strong>debet</strong></span> <span class='ocrx_word' id='word_1_137' title='bbox 483 1647 519 1707; x_wconf 91' lang='lat' dir='ltr'><strong>ad</strong></span> <span class='ocrx_word' id='word_1_138' title='bbox 534 1647 721 1708; x_wconf 87' lang='lat' dir='ltr'><strong>heminarum</strong></span> <span class='ocrx_word' id='word_1_139' title='bbox 736 1656 877 1728; x_wconf 87' lang='lat' dir='ltr'><strong>quattuor</strong></span> <span class='ocrx_word' id='word_1_140' title='bbox 891 1648 1020 1708; x_wconf 89' lang='lat' dir='ltr'><strong>modum.</strong></span> <span class='ocrx_word' id='word_1_141' title='bbox 1057 1645 1114 1716; x_wconf 89' lang='lat' dir='ltr'><strong>Qui</strong></span> <span class='ocrx_word' id='word_1_142' title='bbox 1133 1654 1149 1703; x_wconf 80' lang='lat'><strong>5</strong></span> 
     </span>
     <span class='ocr_line' id='line_1_19' title="bbox 94 1734 1113 1817; baseline -0.004 -19"><span class='ocrx_word' id='word_1_143' title='bbox 94 1739 172 1798; x_wconf 91' lang='lat' dir='ltr'><strong>haec</strong></span> <span class='ocrx_word' id='word_1_144' title='bbox 189 1735 331 1796; x_wconf 89' lang='lat' dir='ltr'><strong>adhibere</strong></span> <span class='ocrx_word' id='word_1_145' title='bbox 346 1737 516 1816; x_wconf 86' lang='lat' dir='ltr'><strong>cessaverit,</strong></span> <span class='ocrx_word' id='word_1_146' title='bbox 535 1735 582 1795; x_wconf 91' lang='lat' dir='ltr'><strong>his</strong></span> <span class='ocrx_word' id='word_1_147' title='bbox 601 1734 715 1814; x_wconf 89' lang='lat' dir='ltr'><strong>patebit</strong></span> <span class='ocrx_word' id='word_1_148' title='bbox 729 1737 856 1817; x_wconf 88' lang='lat' dir='ltr'><strong>iniuriis,</strong></span> <span class='ocrx_word' id='word_1_149' title='bbox 875 1744 909 1796; x_wconf 93' lang='lat' dir='ltr'><strong>ut</strong></span> <span class='ocrx_word' id='word_1_150' title='bbox 926 1744 977 1796; x_wconf 92' lang='lat' dir='ltr'><strong>aut</strong></span> <span class='ocrx_word' id='word_1_151' title='bbox 991 1735 1113 1795; x_wconf 91' lang='lat' dir='ltr'><strong>ciliacus</strong></span> 
     </span>
     <span class='ocr_line' id='line_1_20' title="bbox 95 1823 1113 1902; baseline -0.004 -16"><span class='ocrx_word' id='word_1_152' title='bbox 95 1827 149 1886; x_wconf 88' lang='lat' dir='ltr'><strong>liat</strong></span> <span class='ocrx_word' id='word_1_153' title='bbox 172 1835 224 1885; x_wconf 92' lang='lat' dir='ltr'><strong>aut</strong></span> <span class='ocrx_word' id='word_1_154' title='bbox 247 1823 394 1884; x_wconf 88' lang='lat' dir='ltr'><strong>meatibus</strong></span> <span class='ocrx_word' id='word_1_155' title='bbox 418 1826 515 1902; x_wconf 89' lang='lat' dir='ltr'><strong>ruptis</strong></span> <span class='ocrx_word' id='word_1_156' title='bbox 534 1823 717 1884; x_wconf 89' lang='lat' dir='ltr'><strong>inmoderato</strong></span> <span class='ocrx_word' id='word_1_157' title='bbox 737 1826 849 1884; x_wconf 90' lang='lat' dir='ltr'><strong>ventris</strong></span> <span class='ocrx_word' id='word_1_158' title='bbox 868 1823 963 1884; x_wconf 84' lang='lat' dir='ltr'><strong>fluore</strong></span> <span class='ocrx_word' id='word_1_159' title='bbox 981 1831 1113 1884; x_wconf 84' lang='lat' dir='ltr'><strong>vexetur.</strong></span> 
     </span>
     <span class='ocr_line' id='line_1_21' title="bbox 54 1911 1114 1992; baseline 0.003 -23"><span class='ocrx_word' id='word_1_160' title='bbox 54 1929 80 1969; x_wconf 80' lang='lat' dir='ltr'><strong>ao</strong></span> <span class='ocrx_word' id='word_1_161' title='bbox 94 1914 175 1975; x_wconf 91' lang='lat' dir='ltr'><strong>Hinc</strong></span> <span class='ocrx_word' id='word_1_162' title='bbox 204 1913 366 1992; x_wconf 82' lang='lat' dir='ltr'><strong>dysinteria</strong></span> <span class='ocrx_word' id='word_1_163' title='bbox 392 1915 488 1973; x_wconf 90' lang='lat' dir='ltr'><strong>oritur</strong></span> <span class='ocrx_word' id='word_1_164' title='bbox 516 1923 546 1972; x_wconf 88' lang='lat' dir='ltr'><strong>ct</strong></span> <span class='ocrx_word' id='word_1_165' title='bbox 573 1911 677 1973; x_wconf 89' lang='lat' dir='ltr'><strong>ihacus</strong></span> <span class='ocrx_word' id='word_1_166' title='bbox 700 1911 823 1972; x_wconf 89' lang='lat' dir='ltr'><strong>morbus</strong></span> <span class='ocrx_word' id='word_1_167' title='bbox 846 1920 876 1973; x_wconf 91' lang='lat' dir='ltr'><strong>et</strong></span> <span class='ocrx_word' id='word_1_168' title='bbox 899 1912 935 1972; x_wconf 91' lang='lat' dir='ltr'><strong>ad</strong></span> <span class='ocrx_word' id='word_1_169' title='bbox 959 1915 1114 1992; x_wconf 89' lang='lat' dir='ltr'><strong>superiora</strong></span> 
     </span>
     <span class='ocr_line' id='line_1_22' title="bbox 95 2000 1113 2080; baseline -0.004 -16"><span class='ocrx_word' id='word_1_170' title='bbox 95 2005 188 2064; x_wconf 89' lang='lat' dir='ltr'><strong>fimus</strong></span> <span class='ocrx_word' id='word_1_171' title='bbox 211 2001 383 2062; x_wconf 90' lang='lat' dir='ltr'><strong>redundans</strong></span> <span class='ocrx_word' id='word_1_172' title='bbox 410 2003 539 2061; x_wconf 91' lang='lat' dir='ltr'><strong>vomitus</strong></span> <span class='ocrx_word' id='word_1_173' title='bbox 563 2009 593 2061; x_wconf 90' lang='lat' dir='ltr'><strong>et</strong></span> <span class='ocrx_word' id='word_1_174' title='bbox 621 2002 886 2080; x_wconf 90' lang='lat' dir='ltr'><strong>empneumatosim</strong></span> <span class='ocrx_word' id='word_1_175' title='bbox 904 2001 1000 2061; x_wconf 91' lang='lat' dir='ltr'><strong>faciet.</strong></span> <span class='ocrx_word' id='word_1_176' title='bbox 1037 2000 1113 2060; x_wconf 90' lang='lat' dir='ltr'><strong>Hinc</strong></span> 
     </span>
     <span class='ocr_line' id='line_1_23' title="bbox 95 2088 1113 2170; baseline -0.004 -18"><span class='ocrx_word' id='word_1_177' title='bbox 95 2094 179 2153; x_wconf 89' lang='lat' dir='ltr'><strong>sciae</strong></span> <span class='ocrx_word' id='word_1_178' title='bbox 207 2092 306 2169; x_wconf 87' lang='lat' dir='ltr'><strong>passio</strong></span> <span class='ocrx_word' id='word_1_179' title='bbox 331 2092 388 2150; x_wconf 87' lang='lat' dir='ltr'><strong>erit</strong></span> <span class='ocrx_word' id='word_1_180' title='bbox 422 2089 565 2168; x_wconf 91' lang='lat' dir='ltr'><strong>dolorque</strong></span> <span class='ocrx_word' id='word_1_181' title='bbox 594 2108 747 2170; x_wconf 83' lang='lat' dir='ltr'><strong>coxarum,</strong></span> <span class='ocrx_word' id='word_1_182' title='bbox 775 2088 927 2168; x_wconf 82' lang='lat' dir='ltr'><strong>apoplexis</strong></span> <span class='ocrx_word' id='word_1_183' title='bbox 954 2091 1043 2150; x_wconf 91' lang='lat' dir='ltr'><strong>etiam</strong></span> <span class='ocrx_word' id='word_1_184' title='bbox 1066 2088 1113 2148; x_wconf 92' lang='lat' dir='ltr'><strong>his</strong></span> 
     </span>
     <span class='ocr_line' id='line_1_24' title="bbox 94 2178 1114 2260; baseline -0.003 -19"><span class='ocrx_word' id='word_1_185' title='bbox 94 2179 266 2259; x_wconf 87' lang='lat' dir='ltr'><strong>originibus</strong></span> <span class='ocrx_word' id='word_1_186' title='bbox 286 2179 406 2259; x_wconf 74' lang='lat' dir='ltr'><strong>existet,</strong></span> <span class='ocrx_word' id='word_1_187' title='bbox 425 2178 496 2238; x_wconf 92' lang='lat' dir='ltr'><strong>hinc</strong></span> <span class='ocrx_word' id='word_1_188' title='bbox 520 2187 549 2238; x_wconf 93' lang='lat' dir='ltr'><strong>et</strong></span> <span class='ocrx_word' id='word_1_189' title='bbox 568 2181 720 2258; x_wconf 84' lang='lat' dir='ltr'><strong>sanguinis</strong></span> <span class='ocrx_word' id='word_1_190' title='bbox 738 2197 793 2258; x_wconf 91' lang='lat' dir='ltr'><strong>per</strong></span> <span class='ocrx_word' id='word_1_191' title='bbox 811 2180 970 2239; x_wconf 89' lang='lat' dir='ltr'><strong>interiores</strong></span> <span class='ocrx_word' id='word_1_192' title='bbox 990 2185 1114 2260; x_wconf 76' lang='lat' dir='ltr'><strong>meatuS,</strong></span> 
     </span>
     <span class='ocr_line' id='line_1_25' title="bbox 94 2266 1112 2346; baseline -0.002 -16"><span class='ocrx_word' id='word_1_193' title='bbox 94 2269 129 2330; x_wconf 92' lang='lat' dir='ltr'><strong>id</strong></span> <span class='ocrx_word' id='word_1_194' title='bbox 144 2275 192 2329; x_wconf 90' lang='lat' dir='ltr'><strong>est</strong></span> <span class='ocrx_word' id='word_1_195' title='bbox 205 2285 259 2346; x_wconf 93' lang='lat' dir='ltr'><strong>per</strong></span> <span class='ocrx_word' id='word_1_196' title='bbox 274 2267 525 2346; x_wconf 85' lang='lat' dir='ltr'><strong>haemorrhoidas,</strong></span> <span class='ocrx_word' id='word_1_197' title='bbox 544 2266 622 2328; x_wconf 89' lang='lat' dir='ltr'><strong>fluor</strong></span> <span class='ocrx_word' id='word_1_198' title='bbox 636 2267 748 2328; x_wconf 91' lang='lat' dir='ltr'><strong>multus</strong></span> <span class='ocrx_word' id='word_1_199' title='bbox 763 2277 887 2328; x_wconf 90' lang='lat' dir='ltr'><strong>emanat.</strong></span> <span class='ocrx_word' id='word_1_200' title='bbox 910 2267 1112 2328; x_wconf 82' lang='lat' dir='ltr'><strong>Articulorum</strong></span> 
     </span>
     <span class='ocr_line' id='line_1_26' title="bbox 55 2355 1112 2437; baseline 0.003 -25"><span class='ocrx_word' id='word_1_201' title='bbox 55 2373 80 2414; x_wconf 78' lang='lat' dir='ltr'><strong>aa</strong></span> <span class='ocrx_word' id='word_1_202' title='bbox 96 2375 220 2437; x_wconf 90' lang='lat' dir='ltr'><strong>quoque</strong></span> <span class='ocrx_word' id='word_1_203' title='bbox 243 2355 376 2436; x_wconf 84' lang='lat' dir='ltr'><strong>morbus,</strong></span> <span class='ocrx_word' id='word_1_204' title='bbox 401 2374 488 2434; x_wconf 90' lang='lat' dir='ltr'><strong>quem</strong></span> <span class='ocrx_word' id='word_1_205' title='bbox 508 2355 614 2416; x_wconf 85' lang='lat' dir='ltr'><strong>Graeci</strong></span> <span class='ocrx_word' id='word_1_206' title='bbox 631 2356 780 2416; x_wconf 88' lang='lat' dir='ltr'><strong>arthritim</strong></span> <span class='ocrx_word' id='word_1_207' title='bbox 801 2363 915 2436; x_wconf 83' lang='lat' dir='ltr'><strong>vocant,</strong></span> <span class='ocrx_word' id='word_1_208' title='bbox 938 2359 1028 2417; x_wconf 90' lang='lat' dir='ltr'><strong>istinc</strong></span> <span class='ocrx_word' id='word_1_209' title='bbox 1048 2373 1112 2417; x_wconf 89' lang='lat' dir='ltr'><strong>cre·</strong></span> 
     </span>
     <span class='ocr_line' id='line_1_27' title="bbox 93 2444 1147 2524; baseline -0.006 -16"><span class='ocrx_word' id='word_1_210' title='bbox 93 2455 174 2508; x_wconf 90' lang='lat' dir='ltr'><strong>atur.</strong></span> <span class='ocrx_word' id='word_1_211' title='bbox 219 2444 293 2506; x_wconf 87' lang='lat' dir='ltr'><strong>Cum</strong></span> <span class='ocrx_word' id='word_1_212' title='bbox 315 2463 385 2504; x_wconf 82' lang='lat' dir='ltr'><strong>vero</strong></span> <span class='ocrx_word' id='word_1_213' title='bbox 410 2462 445 2504; x_wconf 83' lang='lat' dir='ltr'><strong>ex</strong></span> <span class='ocrx_word' id='word_1_214' title='bbox 469 2447 566 2505; x_wconf 90' lang='lat' dir='ltr'><strong>vesica</strong></span> <span class='ocrx_word' id='word_1_215' title='bbox 590 2447 715 2505; x_wconf 91' lang='lat' dir='ltr'><strong>inminet</strong></span> <span class='ocrx_word' id='word_1_216' title='bbox 738 2447 821 2524; x_wconf 88' lang='lat' dir='ltr'><strong>origo</strong></span> <span class='ocrx_word' id='word_1_217' title='bbox 840 2447 981 2506; x_wconf 87' lang='lat' dir='ltr'><strong>vitiorum</strong></span> <span class='ocrx_word' id='word_1_218' title='bbox 1000 2453 1030 2505; x_wconf 93' lang='lat' dir='ltr'><strong>et</strong></span> <span class='ocrx_word' id='word_1_219' title='bbox 1048 2447 1147 2523; x_wconf 78' lang='lat' dir='ltr'><strong>ipsae</strong></span> 
     </span>
     <span class='ocr_line' id='line_1_28' title="bbox 93 2532 1111 2614; baseline -0.003 -18"><span class='ocrx_word' id='word_1_220' title='bbox 93 2553 158 2597; x_wconf 92' lang='lat' dir='ltr'><strong>non</strong></span> <span class='ocrx_word' id='word_1_221' title='bbox 178 2535 276 2594; x_wconf 89' lang='lat' dir='ltr'><strong>minus</strong></span> <span class='ocrx_word' id='word_1_222' title='bbox 296 2535 394 2594; x_wconf 91' lang='lat' dir='ltr'><strong>causis</strong></span> <span class='ocrx_word' id='word_1_223' title='bbox 412 2532 550 2611; x_wconf 90' lang='lat' dir='ltr'><strong>pluribus</strong></span> <span class='ocrx_word' id='word_1_224' title='bbox 568 2551 689 2614; x_wconf 87' lang='lat' dir='ltr'><strong>nocens,</strong></span> <span class='ocrx_word' id='word_1_225' title='bbox 708 2533 755 2593; x_wconf 94' lang='lat' dir='ltr'><strong>his</strong></span> <span class='ocrx_word' id='word_1_226' title='bbox 778 2533 1044 2612; x_wconf 79' lang='lat' dir='ltr'><strong>significationibus</strong></span> <span class='ocrx_word' id='word_1_227' title='bbox 1068 2535 1111 2593; x_wconf 92' lang='lat' dir='ltr'><strong>in·</strong></span> 
     </span>
     <span class='ocr_line' id='line_1_29' title="bbox 94 2621 1111 2703; baseline -0.003 -18"><span class='ocrx_word' id='word_1_228' title='bbox 94 2623 259 2701; x_wconf 89' lang='lat' dir='ltr'><strong>tellegitur.</strong></span> <span class='ocrx_word' id='word_1_229' title='bbox 291 2621 406 2682; x_wconf 87' lang='lat' dir='ltr'><strong>lnilatio</strong></span> <span class='ocrx_word' id='word_1_230' title='bbox 425 2623 540 2682; x_wconf 86' lang='lat' dir='ltr'><strong>vesicae</strong></span> <span class='ocrx_word' id='word_1_231' title='bbox 560 2621 652 2703; x_wconf 91' lang='lat' dir='ltr'><strong>adest,</strong></span> <span class='ocrx_word' id='word_1_232' title='bbox 671 2621 746 2682; x_wconf 89' lang='lat' dir='ltr'><strong>solet</strong></span> <span class='ocrx_word' id='word_1_233' title='bbox 768 2625 897 2682; x_wconf 91' lang='lat' dir='ltr'><strong>enimin</strong></span> <span class='ocrx_word' id='word_1_234' title='bbox 917 2641 981 2682; x_wconf 90' lang='lat' dir='ltr'><strong>eam</strong></span> <span class='ocrx_word' id='word_1_235' title='bbox 999 2621 1111 2683; x_wconf 88' lang='lat' dir='ltr'><strong>multus</strong></span> 
     </span>
     <span class='ocr_line' id='line_1_30' title="bbox 95 2711 1110 2791; baseline -0.003 -18"><span class='ocrx_word' id='word_1_236' title='bbox 95 2731 134 2773; x_wconf 88' lang='lat' dir='ltr'><strong>ex</strong></span> <span class='ocrx_word' id='word_1_237' title='bbox 158 2711 216 2771; x_wconf 86' lang='lat' dir='ltr'><strong>alvi</strong></span> <span class='ocrx_word' id='word_1_238' title='bbox 239 2719 339 2770; x_wconf 88' lang='lat' dir='ltr'><strong>meatu</strong></span> <span class='ocrx_word' id='word_1_239' title='bbox 362 2719 468 2770; x_wconf 90' lang='lat' dir='ltr'><strong>ventus</strong></span> <span class='ocrx_word' id='word_1_240' title='bbox 490 2711 609 2791; x_wconf 90' lang='lat' dir='ltr'><strong>inmitti,</strong></span> <span class='ocrx_word' id='word_1_241' title='bbox 636 2711 704 2771; x_wconf 88' lang='lat' dir='ltr'><strong>inde</strong></span> <span class='ocrx_word' id='word_1_242' title='bbox 728 2711 850 2772; x_wconf 90' lang='lat' dir='ltr'><strong>adsidua</strong></span> <span class='ocrx_word' id='word_1_243' title='bbox 873 2713 1014 2791; x_wconf 91' lang='lat' dir='ltr'><strong>ructatio,</strong></span> <span class='ocrx_word' id='word_1_244' title='bbox 1042 2711 1110 2771; x_wconf 90' lang='lat' dir='ltr'><strong>inde</strong></span> 
     </span>
     <span class='ocr_line' id='line_1_31' title="bbox 57 2799 1110 2881; baseline 0.005 -26"><span class='ocrx_word' id='word_1_245' title='bbox 57 2815 80 2855; x_wconf 86' lang='lat' dir='ltr'><strong>eo</strong></span> <span class='ocrx_word' id='word_1_246' title='bbox 95 2801 318 2862; x_wconf 87' lang='lat' dir='ltr'><strong>incontinentes</strong></span> <span class='ocrx_word' id='word_1_247' title='bbox 338 2801 470 2878; x_wconf 91' lang='lat' dir='ltr'><strong>crepitus</strong></span> <span class='ocrx_word' id='word_1_248' title='bbox 490 2807 661 2880; x_wconf 89' lang='lat' dir='ltr'><strong>egeruntur,</strong></span> <span class='ocrx_word' id='word_1_249' title='bbox 684 2799 753 2860; x_wconf 91' lang='lat' dir='ltr'><strong>inde</strong></span> <span class='ocrx_word' id='word_1_250' title='bbox 772 2801 869 2878; x_wconf 87' lang='lat' dir='ltr'><strong>gravis</strong></span> <span class='ocrx_word' id='word_1_251' title='bbox 889 2818 1021 2881; x_wconf 89' lang='lat' dir='ltr'><strong>somnus,</strong></span> <span class='ocrx_word' id='word_1_252' title='bbox 1041 2799 1110 2860; x_wconf 91' lang='lat' dir='ltr'><strong>inde</strong></span> 
     </span>
     <span class='ocr_line' id='line_1_32' title="bbox 94 2887 1111 2967; baseline -0.001 -18"><span class='ocrx_word' id='word_1_253' title='bbox 94 2891 186 2950; x_wconf 90' lang='lat' dir='ltr'><strong>urina</strong></span> <span class='ocrx_word' id='word_1_254' title='bbox 205 2887 324 2948; x_wconf 89' lang='lat' dir='ltr'><strong>sordida</strong></span> <span class='ocrx_word' id='word_1_255' title='bbox 343 2894 373 2947; x_wconf 91' lang='lat' dir='ltr'><strong>et</strong></span> <span class='ocrx_word' id='word_1_256' title='bbox 388 2887 446 2947; x_wconf 89' lang='lat' dir='ltr'><strong>diri</strong></span> <span class='ocrx_word' id='word_1_257' title='bbox 461 2887 561 2948; x_wconf 89' lang='lat' dir='ltr'><strong>odoris</strong></span> <span class='ocrx_word' id='word_1_258' title='bbox 576 2890 708 2966; x_wconf 81' lang='lat' dir='ltr'><strong>egeritur</strong></span> <span class='ocrx_word' id='word_1_259' title='bbox 723 2896 752 2948; x_wconf 92' lang='lat' dir='ltr'><strong>et</strong></span> <span class='ocrx_word' id='word_1_260' title='bbox 767 2890 846 2948; x_wconf 89' lang='lat' dir='ltr'><strong>circa</strong></span> <span class='ocrx_word' id='word_1_261' title='bbox 860 2888 996 2967; x_wconf 85' lang='lat' dir='ltr'><strong>genitalia</strong></span> <span class='ocrx_word' id='word_1_262' title='bbox 1010 2895 1111 2949; x_wconf 89' lang='lat' dir='ltr'><strong>tumor</strong></span> 
     </span>
     <span class='ocr_line' id='line_1_33' title="bbox 96 2975 1111 3056; baseline 0 -18"><span class='ocrx_word' id='word_1_263' title='bbox 96 2979 204 3056; x_wconf 91' lang='lat' dir='ltr'><strong>surgit.</strong></span> <span class='ocrx_word' id='word_1_264' title='bbox 242 2975 295 3036; x_wconf 90' lang='lat' dir='ltr'><strong>llis</strong></span> <span class='ocrx_word' id='word_1_265' title='bbox 319 2993 389 3054; x_wconf 90' lang='lat' dir='ltr'><strong>ergo</strong></span> <span class='ocrx_word' id='word_1_266' title='bbox 413 2977 624 3037; x_wconf 87' lang='lat' dir='ltr'><strong>animadversis</strong></span> <span class='ocrx_word' id='word_1_267' title='bbox 647 2975 699 3037; x_wconf 90' lang='lat' dir='ltr'><strong>tali</strong></span> <span class='ocrx_word' id='word_1_268' title='bbox 718 2978 775 3037; x_wconf 90' lang='lat' dir='ltr'><strong>erit</strong></span> <span class='ocrx_word' id='word_1_269' title='bbox 794 2976 1030 3038; x_wconf 90' lang='lat' dir='ltr'><strong>subveniendum</strong></span> <span class='ocrx_word' id='word_1_270' title='bbox 1048 2995 1111 3038; x_wconf 93' lang='lat' dir='ltr'><strong>me-</strong></span> 
     </span>
    </p>
   </div>
   <div class='ocr_carea' id='block_1_4' title="bbox 96 3146 1111 3487">
    <p class='ocr_par' dir='ltr' id='par_1_4' title="bbox 96 3146 1111 3487">
     <span class='ocr_line' id='line_1_34' title="bbox 171 3146 1110 3217; baseline 0.002 -17"><span class='ocrx_word' id='word_1_271' title='bbox 171 3146 297 3217; x_wconf 84' lang='lat' dir='ltr'><strong>iatreo]</strong></span> <span class='ocrx_word' id='word_1_272' title='bbox 316 3146 435 3201; x_wconf 84' lang='lat' dir='ltr'><strong>adtrahi.</strong></span> <span class='ocrx_word' id='word_1_273' title='bbox 527 3146 652 3202; x_wconf 85' lang='lat' dir='ltr'><strong>3aeutis</strong></span> <span class='ocrx_word' id='word_1_274' title='bbox 671 3163 721 3202; x_wconf 87' lang='lat' dir='ltr'><strong>om.</strong></span> <span class='ocrx_word' id='word_1_275' title='bbox 805 3153 837 3202; x_wconf 86' lang='lat'><strong>13</strong></span> <span class='ocrx_word' id='word_1_276' title='bbox 856 3148 977 3203; x_wconf 86' lang='lat' dir='ltr'><strong>medella</strong></span> <span class='ocrx_word' id='word_1_277' title='bbox 990 3153 1039 3203; x_wconf 80' lang='lat' dir='ltr'><strong>zm</strong></span> <span class='ocrx_word' id='word_1_278' title='bbox 1052 3164 1110 3202; x_wconf 91' lang='lat' dir='ltr'><strong>me·</strong></span> 
     </span>
     <span class='ocr_line' id='line_1_35' title="bbox 97 3217 1110 3287; baseline -0.001 -14"><span class='ocrx_word' id='word_1_279' title='bbox 97 3219 164 3274; x_wconf 83' lang='lat' dir='ltr'><strong>dela</strong></span> <span class='ocrx_word' id='word_1_280' title='bbox 181 3223 234 3274; x_wconf 81' lang='lat' dir='ltr'><strong>2m</strong></span> <span class='ocrx_word' id='word_1_281' title='bbox 252 3217 284 3271; x_wconf 80' lang='lat' dir='ltr'><strong>fu</strong></span> <span class='ocrx_word' id='word_1_282' title='bbox 302 3232 358 3272; x_wconf 84' lang='lat' dir='ltr'><strong>roa.</strong></span> <span class='ocrx_word' id='word_1_283' title='bbox 460 3223 491 3271; x_wconf 83' lang='grc'><strong>17</strong></span> <span class='ocrx_word' id='word_1_284' title='bbox 510 3217 571 3271; x_wconf 88' lang='lat' dir='ltr'><strong>bibi</strong></span> <span class='ocrx_word' id='word_1_285' title='bbox 590 3223 637 3272; x_wconf 76' lang='lat' dir='ltr'><strong>zm</strong></span> <span class='ocrx_word' id='word_1_286' title='bbox 660 3217 757 3273; x_wconf 88' lang='lat' dir='ltr'><strong>bibere</strong></span> <span class='ocrx_word' id='word_1_287' title='bbox 776 3223 835 3274; x_wconf 84' lang='lat' dir='ltr'><strong>2m.</strong></span> <span class='ocrx_word' id='word_1_288' title='bbox 921 3219 995 3274; x_wconf 88' lang='lat' dir='ltr'><strong>huno</strong></span> <span class='ocrx_word' id='word_1_289' title='bbox 1012 3222 1110 3287; x_wconf 65' lang='lat' dir='ltr'><strong>(sarpere</strong></span> 
     </span>
     <span class='ocr_line' id='line_1_36' title="bbox 97 3287 1110 3357; baseline -0.004 -13"><span class='ocrx_word' id='word_1_290' title='bbox 97 3291 210 3356; x_wconf 77' lang='lat' dir='ltr'><strong>lineam)</strong></span> <span class='ocrx_word' id='word_1_291' title='bbox 230 3287 352 3344; x_wconf 89' lang='lat' dir='ltr'><strong>modum.</strong></span> <span class='ocrx_word' id='word_1_292' title='bbox 404 3293 436 3342; x_wconf 88' lang='lat'><strong>18</strong></span> <span class='ocrx_word' id='word_1_293' title='bbox 456 3287 578 3343; x_wconf 82' lang='lat' dir='ltr'><strong>ciliecus.</strong></span> <span class='ocrx_word' id='word_1_294' title='bbox 630 3295 664 3343; x_wconf 89' lang='grc'><strong>20</strong></span> <span class='ocrx_word' id='word_1_295' title='bbox 683 3290 788 3344; x_wconf 88' lang='lat' dir='ltr'><strong>orietur</strong></span> <span class='ocrx_word' id='word_1_296' title='bbox 802 3289 964 3357; x_wconf 80' lang='lat' dir='ltr'><strong>Stephanus.</strong></span> <span class='ocrx_word' id='word_1_297' title='bbox 1014 3293 1048 3340; x_wconf 92' lang='grc'><strong>21</strong></span> <span class='ocrx_word' id='word_1_298' title='bbox 1063 3304 1110 3341; x_wconf 88' lang='lat' dir='ltr'><strong>en·</strong></span> 
     </span>
     <span class='ocr_line' id='line_1_37' title="bbox 96 3357 1111 3431; baseline -0.006 -15"><span class='ocrx_word' id='word_1_299' title='bbox 96 3357 294 3431; x_wconf 78' lang='lat' dir='ltr'><strong>pneumahisin.</strong></span> <span class='ocrx_word' id='word_1_300' title='bbox 385 3357 472 3413; x_wconf 85' lang='lat' dir='ltr'><strong>faciet</strong></span> <span class='ocrx_word' id='word_1_301' title='bbox 490 3363 538 3413; x_wconf 81' lang='lat' dir='ltr'><strong>lm</strong></span> <span class='ocrx_word' id='word_1_302' title='bbox 557 3357 634 3414; x_wconf 83' lang='lat' dir='ltr'><strong>ficiet</strong></span> <span class='ocrx_word' id='word_1_303' title='bbox 651 3365 710 3416; x_wconf 80' lang='lat' dir='ltr'><strong>2m.</strong></span> <span class='ocrx_word' id='word_1_304' title='bbox 800 3365 833 3413; x_wconf 91' lang='grc'><strong>22</strong></span> <span class='ocrx_word' id='word_1_305' title='bbox 854 3359 909 3414; x_wconf 89' lang='lat' dir='ltr'><strong>scie</strong></span> <span class='ocrx_word' id='word_1_306' title='bbox 930 3364 977 3413; x_wconf 77' lang='lat' dir='ltr'><strong>im</strong></span> <span class='ocrx_word' id='word_1_307' title='bbox 996 3357 1111 3412; x_wconf 81' lang='lat' dir='ltr'><strong>sciatica</strong></span> 
     </span>
     <span class='ocr_line' id='line_1_38' title="bbox 97 3427 1109 3487; baseline -0.005 0"><span class='ocrx_word' id='word_1_308' title='bbox 97 3435 157 3487; x_wconf 77' lang='lat' dir='ltr'><strong>2m.</strong></span> <span class='ocrx_word' id='word_1_309' title='bbox 200 3436 236 3486; x_wconf 83' lang='grc'><strong>24</strong></span> <span class='ocrx_word' id='word_1_310' title='bbox 247 3428 463 3486; x_wconf 82' lang='lat' dir='ltr'><strong>aemorrhoidas.</strong></span> <span class='ocrx_word' id='word_1_311' title='bbox 506 3429 698 3485; x_wconf 72' lang='lat' dir='ltr'><strong>theaetrisim.</strong></span> <span class='ocrx_word' id='word_1_312' title='bbox 743 3435 779 3484; x_wconf 82' lang='grc'><strong>28</strong></span> <span class='ocrx_word' id='word_1_313' title='bbox 789 3430 870 3484; x_wconf 84' lang='lat' dir='ltr'><strong>adest</strong></span> <span class='ocrx_word' id='word_1_314' title='bbox 879 3445 928 3483; x_wconf 83' lang='lat' dir='ltr'><strong>om.</strong></span> <span class='ocrx_word' id='word_1_315' title='bbox 975 3427 1109 3482; x_wconf 84' lang='lat' dir='ltr'><strong>animem.</strong></span> 
     </span>
    </p>
   </div>
   <div class='ocr_carea' id='block_1_5' title="bbox 0 0 1323 3790">
    <p class='ocr_par' dir='ltr' id='par_1_5' title="bbox 0 0 1323 3790">
     <span class='ocr_line' id='line_1_39' title="bbox 0 0 1323 3790; baseline 0 0"><span class='ocrx_word' id='word_1_316' title='bbox 0 0 1323 3790; x_wconf 95' lang='lat' dir='ltr'><strong> </strong></span> 
     </span>
    </p>
   </div>
  </div>
 </body>
</html>
