2528 3814
504 153 745 218 -317-

207 313 368 375 Cucurbita
396 313 527 375 silvatica
554 316 640 395 trita,
672 333 760 394 quam
788 314 894 376 Graeci
924 316 1165 397 colocynthidas

117 411 231 484 vocant,
256 403 385 464 detrahit
407 421 462 482 per
480 410 614 464 ventrem
633 411 663 464 et
680 406 818 483 pituitam
837 412 868 465 et
886 404 975 466 bilem
994 405 1131 488 luridam,

117 510 341 571 nonnumquam
361 499 391 552 et
409 500 502 552 atram
522 493 662 552 deorsum
680 511 784 554 versus
798 501 892 574 vocat,
912 495 1020 554 sicum
1035 495 1131 556 mulsa

118 599 195 660 aqua
218 580 314 642 detur.
356 580 430 640 item
455 583 624 642 cucumeris
648 583 770 659 anguini
792 582 877 644 radin
900 585 1018 644 eteius
1042 602 1130 662 quem
1151 601 1184 648 10

90 669 235 730 sedimus
258 669 389 730 detrahit
410 669 513 750 hilem;
537 669 589 730 sed
613 672 735 748 anguini
756 671 866 732 radicis
885 678 988 732 cortex
1007 673 1131 733 eandem

118 761 178 820 vim
202 775 290 838 quarn
313 765 463 819 veratrum
486 758 587 840 hahet,
615 761 674 819 nisi
697 761 766 838 quia
788 759 876 838 paulo
900 763 1054 821 remissior
1077 768 1132 842 est,

119 854 150 907 et
172 847 267 908 multo
290 849 383 926 magis
406 846 520 908 viribus
544 855 626 908 caret
649 865 738 928 quam
759 851 937 932 cucumeris,
964 867 1053 928 quem
1071 849 1131 910 edi·

117 954 194 997 mus.
239 936 369 1016 Anguini
399 954 469 1014 ergo
501 938 670 998 cucumeris
698 936 763 998 dari
790 945 909 1017 oportet
937 937 1067 998 levis
1096 956 1132 998 ex

8 1067 10 1074 ι
118 1043 195 1104 aqua
217 1025 326 1104 mulsa,
349 1025 479 1085 detrahit
502 1027 581 1086 enim
604 1027 746 1104 pituitosa
772 1033 802 1087 et
824 1026 939 1108 biliosa,
962 1029 1132 1088 cucumeris

76 1131 209 1193 mquam
228 1114 343 1174 edimus
362 1112 472 1174 radicis
491 1114 555 1175 dari
574 1121 692 1194 oportet
706 1114 731 1174 11
746 1114 800 1175 1111
819 1114 956 1176 similiter
974 1115 1020 1176 vel
1039 1117 1133 1196 sparti

37 1202 43 1214 '
119 1204 241 1263 seminis
259 1203 448 1284 tantundem3
467 1203 604 1264 similiter
623 1210 654 1264 et
667 1204 752 1264 iridis
767 1205 883 1266 radices
898 1205 982 1266 datae
997 1212 1132 1285 prosunt.

207 1291 281 1352 Item
300 1292 433 1371 thapsiae
452 1292 568 1354 radices
586 1294 723 1372 pituitam
743 1301 773 1354 et
791 1293 881 1355 bilem
900 1294 1062 1356 detrahunt
1076 1312 1130 1355 nec
1153 1309 1185 1358 11

117 1383 217 1442 minus
246 1381 430 1462 epithymum
457 1389 610 1460 praestant
637 1381 694 1442 hoc
717 1381 837 1463 melius,
866 1383 946 1462 quod
969 1386 1079 1445 atriora
1103 1391 1133 1444 et

119 1471 233 1528 acriora
257 1469 421 1552 deducunt,
446 1478 476 1530 et
498 1471 591 1531 herba
613 1469 776 1532 urceolaris
801 1490 876 1550 quae
899 1473 1064 1552 appellatur
1083 1472 1133 1533 de·

78 1556 212 1618 latrabit
235 1557 340 1617 bihosa
363 1566 393 1618 et
416 1561 581 1639 aquatiora3
607 1577 675 1618 nam
699 1560 806 1640 cunila,
829 1579 917 1638 quam
941 1561 1048 1622 Graeci
1070 1562 1133 1619 oni·

119 1648 173 1707 tim
196 1652 315 1725 vocant,
344 1646 474 1706 detrahit
496 1648 648 1725 aquatiora
672 1665 726 1725 per
749 1651 906 1730 vomitum,
934 1667 1040 1726 aquam
1062 1665 1132 1707 vero

120 1735 212 1795 solam
240 1733 362 1794 deducit
388 1737 465 1794 mori
491 1734 612 1796 lacrima
634 1736 681 1796 vel
703 1737 787 1798 radix
810 1739 927 1798 incocta
950 1739 1035 1815 potui
1058 1735 1133 1796 data.

119 1823 176 1883 lris
199 1822 342 1902 calefacit,
365 1822 460 1903 solvit,
483 1831 599 1904 purgat,
622 1829 791 1906 concoquit,
814 1826 924 1886 ulceris
948 1842 1066 1903 quoque
1089 1825 1186 1886 in-12

120 1914 199 1972 terni
226 1911 353 1972 duritias
379 1911 474 1972 mollit
503 1920 533 1972 et
555 1915 668 1974 ventris
692 1917 848 1974 stricturas
872 1921 978 1974 movet.
1019 1913 1132 1973 lrinum
1153 1927 1186 1975 13

79 2017 106 2056 ao
120 2000 219 2061 oleum
236 2017 292 2079 per
310 1999 468 2080 clysterem
487 2003 643 2063 inmissum
662 2005 805 2082 pituitosa
824 2010 854 2063 et
872 2010 978 2082 aquata
996 2009 1026 2062 et
1041 2019 1133 2080 puru-

119 2089 199 2150 lenta
222 2096 253 2150 et
273 2097 337 2150 atra
360 2090 495 2173 deducit3
518 2091 618 2170 polion
638 2110 708 2152 vero
727 2092 833 2153 biliosa
851 2093 882 2153 et
900 2098 963 2152 atra
983 2091 1047 2151 oleo
1067 2090 1133 2150 cha-

119 2178 295 2239 maemelino
314 2181 406 2240 mixto
425 2198 480 2259 per
499 2179 587 2240 sellas
601 2180 734 2262 deducit3
754 2182 920 2242 scamoniae
935 2198 1026 2241 sarcus
1041 2178 1133 2239 solam

120 2267 250 2328 detrahit
267 2267 367 2347 bilem,
386 2267 474 2330 datur
493 2287 528 2329 ex
546 2287 621 2349 aqua
635 2268 671 2329 ad
688 2269 803 2330 denarii
817 2271 970 2330 semissem
986 2276 1016 2328 et
1029 2269 1133 2328 tertias

120 2359 185 2417 eius
199 2375 268 2417 cum
283 2356 351 2418 salis
361 2355 387 2417 ll
398 2359 538 2438 quinque,
555 2356 606 2418 sed
622 2358 774 2420 stomacho
789 2359 907 2418 infirmo
917 2377 977 2418 non
988 2359 1133 2418 convenit.

80 2459 106 2500 aa
209 2444 360 2506 Elaterion
387 2454 495 2525 purgat
523 2464 642 2507 sursum
671 2465 726 2526 per
749 2449 904 2528 vomitum,
932 2465 1038 2526 aquam
1062 2464 1132 2506 vero
1153 2457 1186 2505 14

120 2534 260 2595 deorsum
284 2541 314 2594 et
336 2536 473 2614 pituitam
497 2543 526 2595 et
549 2535 638 2595 bilem
657 2537 754 2596 omnis
772 2537 890 2615 generis
910 2535 1044 2615 deducit3
1066 2534 1133 2613 plus

121 2630 220 2683 autem
251 2624 315 2683 eius
346 2642 435 2702 quam
464 2625 613 2684 victoriati
640 2626 758 2684 tertiam
786 2632 902 2703 partem
929 2643 988 2684 non
1017 2631 1135 2702 oportet

121 2711 198 2792 dari3
219 2711 397 2790 cyclaminos
416 2731 486 2773 vero
504 2712 632 2773 detrahit
646 2731 700 2792 per
716 2713 802 2774 sellas
816 2715 954 2792 pituitam
969 2721 999 2774 et
1013 2731 1132 2792 aquam;

120 2799 304 2878 hippophaes
324 2799 452 2861 detrahit
470 2803 608 2879 pituitam
628 2809 658 2862 et
671 2800 803 2881 liquores
818 2810 949 2883 aquatos,
968 2801 1055 2862 datur
1070 2803 1134 2861 eius

81 2903 108 2943 ao
122 2889 209 2948 uncia
233 2907 302 2948 cum
326 2905 401 2968 aqua
424 2888 532 2969 mulsa3
556 2890 689 2951 eiusdem
711 2909 829 2970 quoque
848 2891 968 2952 lacrima
987 2891 1135 2950 victoriati

121 2976 262 3056 ponderis
285 2976 352 3036 data
373 2995 409 3038 ea
429 2995 504 3056 aqua
523 2979 618 3040 mulsa
636 2979 726 3040 bilem
743 2987 860 3062 purgat,
882 2999 951 3041 nam
969 2979 1053 3039 radix
1072 2985 1135 3038 tan·

121 3074 184 3126 tum
208 3083 313 3144 aquam
337 3065 465 3127 deducit.

211 3154 370 3215 Centaurei
388 3157 487 3216 tenuis
506 3173 607 3236 sucus,
628 3164 771 3236 quantum
790 3175 851 3217 nux
870 3156 1000 3216 avellana
1018 3156 1134 3234 recipit,
1156 3164 1187 3214 15

122 3251 210 3321 potus
236 3261 271 3304 ex
295 3261 370 3322 aquia
394 3243 490 3304 mulsa
512 3253 647 3305 ventrem
672 3245 765 3306 solvit.
807 3245 882 3306 Item
905 3243 1015 3304 herbae
1039 3244 1134 3322 ipsius

211 3379 358 3435 bueratri.
424 3381 488 3434 'let
506 3395 557 3436 om.
622 3384 655 3434 12
674 3379 815 3450 thapsiae]
834 3377 929 3434 thiasi.
995 3383 1028 3432 13
1047 3377 1135 3448 ephy-

121 3447 219 3504 timon.
294 3455 326 3506 15
347 3450 464 3507 cuniclo.
539 3467 653 3506 cnecon.
727 3457 761 3506 20
781 3451 908 3521 clystere.
981 3455 1016 3505 29
1035 3449 1135 3520 hippo·

122 3519 222 3593 pbaes]
240 3521 433 3592 hippomanes.
506 3528 540 3578 33
560 3526 725 3580 centaureae
744 3526 803 3580 2m.
