2528 3814
539 133 782 198 -322-

104 312 139 362 88
248 295 361 357 llantur
384 295 460 357 bene
484 296 519 355 ad
544 295 718 356 solvendum
741 304 875 356 ventrem
897 296 1034 375 potiones
1053 289 1102 354 vel
1121 313 1174 374 po-

157 386 237 446 lenta
256 403 323 446 cum
343 403 431 465 aqua,
454 387 486 444 in
509 402 566 463 qua
586 387 714 445 satureia
740 392 792 445 aut
810 384 942 463 puleium
962 391 1013 443 aut
1036 382 1174 462 thymum

157 481 209 536 aut
235 473 328 534 herba
356 473 542 534 Mercurialis
569 476 685 534 incocta
714 474 818 554 luerit3
846 473 897 533 sed
926 471 1052 533 ethaeo
1076 474 1118 533 ita
1143 476 1175 532 in

157 563 254 624 tribus
283 564 420 623 sextariis
447 580 541 641 aquae
569 562 791 642 decoquuntur,
822 562 916 622 donec
944 560 979 621 ad
1009 564 1176 621 sextarium

157 651 354 732 perducatur3
387 651 422 711 ad
455 651 636 711 inflationem
666 669 736 710 vero
769 650 913 712 stomachi
946 648 1109 710 saliuncam
1144 653 1201 709 ins

157 760 233 820 aqua
262 741 388 819 decoqui
415 747 534 818 oportet
561 748 591 800 et
615 742 754 818 exiguum
778 747 895 800 acetum
919 738 995 799 adici
1019 747 1110 818 atque
1133 740 1176 799 ita
1250 729 1251 736 '

156 832 242 909 potui
265 828 338 889 dari.

104 932 138 982 39
248 917 400 997 llysopum
422 917 520 977 ventri
545 917 690 977 movendo
713 915 918 978 vehementius
942 923 988 978 est
1010 933 1100 994 quam
1124 915 1175 975 ab·

158 1007 316 1086 sinthium,
350 1006 438 1066 datur
472 1016 569 1067 autem
602 1005 739 1066 similiter
766 1005 922 1066 decoctum
951 1012 1039 1083 atque
1069 1004 1174 1064 eadem

158 1113 312 1175 mensura3
340 1095 463 1172 prodest
490 1097 578 1155 etiam
606 1094 667 1175 his,
695 1093 804 1173 quibus
831 1097 862 1154 in
890 1101 1012 1172 pectore
1039 1092 1174 1172 liquores
1189 1108 1214 1148 ro

159 1183 301 1261 glutinosi
324 1181 506 1262 subsistunt,
536 1185 588 1261 qui
613 1190 643 1242 et
666 1183 799 1261 spirandi
822 1182 1027 1243 difficultatem
1051 1190 1081 1242 et
1105 1184 1173 1242 stri·

159 1271 263 1330 dorem
283 1269 428 1330 stomachi
447 1271 573 1351 laciunt3
597 1273 667 1330 item
688 1271 734 1331 bis
753 1271 883 1352 prodest,
905 1273 957 1349 qui
976 1272 1008 1330 in
1026 1277 1087 1330 toto
1107 1289 1174 1331 cor-

158 1376 231 1438 pore
254 1357 393 1418 videntur
416 1359 548 1436 liquores
572 1367 728 1420 concretos
752 1360 869 1421 babere.
1010 1354 1011 1358 ’

105 1460 142 1510 40
250 1446 347 1507 lilium
363 1465 431 1508 cum
445 1446 555 1507 herbae
569 1446 754 1509 Mercurialis
768 1448 847 1510 ioliis
861 1455 912 1509 aut
927 1449 1039 1508 semine
1055 1453 1173 1508 coctum

158 1535 204 1596 vel
227 1553 296 1596 oum
320 1544 387 1596 ruta
411 1545 440 1597 et
463 1535 612 1597 absinthio
636 1545 754 1598 coctum
781 1540 874 1616 magis
902 1543 1001 1596 movet
1028 1546 1173 1615 ventrem,
1187 1551 1210 1591 ιε

158 1625 290 1704 liquores
324 1633 423 1686 autem
457 1643 559 1686 omnes
593 1626 717 1687 adiectis
750 1626 865 1687 duabus
894 1624 1035 1685 radiculis
1063 1627 1175 1686 veratri

158 1716 236 1792 nigri
255 1716 344 1774 etiam
362 1715 393 1777 in
412 1713 489 1774 febri
508 1714 609 1775 datum
629 1715 750 1776 deducit
767 1733 822 1793 per
840 1723 973 1774 ventrem
992 1713 1038 1774 vel
1053 1731 1174 1775 sursum

158 1820 263 1863 versus
286 1821 340 1880 per
364 1805 505 1864 vomitum
528 1811 644 1882 purgat.

104 1904 138 1952 41
249 1889 433 1974 Embamma,
458 1911 516 1972 quo
540 1900 644 1952 venter
667 1891 799 1972 solvitur,
823 1894 879 1952 sic:
911 1890 1084 1952 Scamoniae
1108 1891 1176 1973 lll,

158 1979 318 2059 zingiberis
347 1980 372 2040 ll
399 1980 426 2061 l,
456 1983 569 2060 piperis
597 1980 622 2040 ll
651 1980 677 2062 l,
710 1982 782 2040 nitri
809 1980 834 2041 ll
863 1979 885 2040 1.
936 1978 1016 2040 llaec
1049 1989 1211 2042 contusas

159 2077 189 2130 et
218 2068 346 2130 cribrata
374 2078 577 2150 reponuntur3
605 2069 674 2130 inde
702 2087 770 2129 cum
799 2087 873 2148 opus
902 2077 948 2128 est
973 2070 1103 2129 sumitur
1127 2089 1177 2130 co-

159 2159 255 2218 cleare
283 2157 402 2236 plenum
435 2165 465 2218 et
494 2158 621 2218 adicitur
650 2157 812 2218 embamma
840 2157 951 2217 iactum
980 2175 1014 2216 ex
1043 2175 1115 2236 garo
1147 2168 1183 2230 el,

161 2255 245 2307 aceto
269 2263 426 2306 mensurae
449 2246 547 2324 cyathi
569 2246 693 2307 dimidii.
729 2245 773 2305 Ex
797 2245 853 2306 boc
876 2245 1021 2306 lactucam
1045 2255 1097 2306 aut
1115 2247 1178 2307 vol-

160 2353 226 2394 vam
255 2335 410 2394 comedere
434 2337 567 2395 ieiunum
591 2343 723 2414 oportet,
750 2335 801 2394 sed
826 2337 949 2414 sensim,
972 2352 1033 2394 non
1055 2337 1178 2396 univer-

161 2441 231 2482 sam.
270 2421 343 2483 Cum
368 2425 435 2503 quis
458 2442 512 2503 per
531 2431 664 2484 ventrem
683 2431 827 2503 purgatus
847 2423 945 2502 luerit,
970 2425 1057 2483 etiam
1077 2433 1178 2485 vomat
1193 2437 1219 2478 2⁵

160 2513 190 2570 in
219 2509 335 2572 balineo
364 2513 626 2593 medicamentum,
658 2530 717 2591 quo
745 2514 857 2572 reiecto
885 2511 1006 2572 domum
1035 2530 1177 2574 reversus

162 2597 262 2659 cibum
286 2601 472 2662 sufficienter
495 2609 525 2661 et
548 2603 649 2661 vinum
673 2608 778 2661 sumat.

106 2700 141 2749 42
250 2687 332 2747 Vinis
361 2690 405 2749 uti
433 2697 551 2768 oportet
578 2689 613 2749 ad
641 2691 852 2750 intestinorum
881 2688 998 2748 dolores
1026 2688 1112 2749 lactis
1138 2707 1176 2750 ex

160 2783 226 2836 ruta
247 2784 277 2836 el
295 2776 403 2857 puleio,
427 2780 502 2858 apio,
526 2780 656 2860 origano,
680 2796 778 2858 aneso,
802 2777 905 2859 dauco,
923 2777 1036 2858 thymo,
1052 2777 1175 2860 hysopo,

160 2883 280 2944 panace,
304 2865 461 2945 dictamno,
485 2866 601 2926 anetho.
1189 2881 1217 2921 eo

107 2966 143 3015 43
252 2952 360 3014 Sabuol
393 2971 495 3014 semen
528 2956 632 3015 tritum
660 2973 727 3015 cum
755 2957 824 3015 rino
852 2954 954 3014 datum
981 2962 1012 3014 et
1038 2962 1174 3015 ventrem

158 3051 256 3103 movet
275 3050 305 3103 et
323 3043 445 3120 prodest
464 3045 675 3104 intestinorum
694 3043 860 3124 doloribus3
879 3039 1084 3122 chamaeropis
1100 3062 1173 3123 quo-

159 3150 216 3210 que
249 3149 350 3192 semen
385 3150 420 3192 ex
449 3134 516 3192 vino
544 3132 646 3193 datum
675 3131 810 3193 similiter
838 3132 961 3210 prodest
993 3149 1111 3192 necnon
1143 3141 1173 3192 et

114 3271 117 3277 .
159 3220 358 3300 chamaepitys
377 3223 448 3282 trita
467 3239 503 3281 ex
522 3223 590 3282 vino
609 3228 678 3300 pota
697 3221 775 3281 idem
794 3227 933 3300 praestat,
957 3222 1047 3280 etiam
1069 3237 1172 3281 semen

247 3355 418 3427 heatureia]
437 3359 486 3411 aut
504 3372 576 3412 cera.
622 3355 754 3424 poleium.
802 3359 834 3407 11
852 3352 1007 3423 gluttinosi.
1059 3359 1091 3407 13
1106 3369 1171 3408 con-

160 3426 262 3496 cretos]
282 3429 438 3482 concoctos.
517 3432 550 3480 14
570 3424 658 3480 alium
678 3431 728 3480 lm
746 3423 843 3479 allium
862 3429 920 3480 2m.
1002 3428 1038 3477 28
1056 3424 1172 3493 oportit.

158 3497 192 3545 29
212 3494 320 3552 (leucio.
394 3503 427 3550 32
447 3497 614 3565 chameropi.
