2564 3794
508 167 747 229 -101-

120 323 247 384 Faciunt
275 323 350 384 hene
379 325 413 384 ad
438 329 554 386 aurium
578 328 648 386 vitia
672 335 702 386 et
728 327 898 407 emplastra,
922 346 997 407 quae
1021 330 1131 408 scripta
1152 343 1185 391 sa
1267 355 1269 370 1

120 421 192 473 sunt
219 414 250 472 in
275 412 406 473 secundo
429 413 519 493 libro,
547 415 674 493 plurima
699 433 765 474 rosa
789 415 834 474 vel
858 415 1041 494 amygdalino
1065 419 1133 477 vino

119 501 227 578 diluta,
266 504 425 580 praecipue
458 520 533 580 quae
565 504 771 564 inscribuntur
804 503 954 584 Cyzicena.
1009 504 1134 566 Terreni
1153 518 1187 568 64

12 605 13 666 t
119 608 238 650 vermes
271 609 339 650 cum
371 590 457 669 adipe
490 594 604 651 anseris
638 593 754 652 decocti
785 592 984 653 infunduntur
1012 593 1134 654 auribus

12 697 13 724 r
92 685 224 738 econtra
252 681 311 738 iam
339 678 491 756 deplorata
519 682 597 740 vitia.
644 680 771 759 Spumae
797 683 912 758 argenti
936 672 975 766 ,β
999 679 1049 760 Vl,
1077 681 1135 741 olei
1153 693 1187 744 ct

120 766 229 826 lauriui
257 766 363 827 libram
391 775 472 828 teres
500 769 531 828 in
554 771 696 829 mortario
720 779 750 828 et
772 786 883 847 coques
908 768 944 828 ad
968 769 1134 847 spissitudi-

12 849 13 922 l
120 873 188 914 nem
221 855 317 915 mellis
350 863 380 916 et
408 856 557 916 auriculae
585 857 697 917 dolenti
725 857 872 916 infundes.
919 856 951 916 Si
978 866 1077 916 autem
1105 865 1136 916 et

12 947 13 982 ³
121 952 230 1024 cetera,
249 962 324 1022 quae
343 945 420 1004 infra
439 947 549 1024 scripta
565 953 643 1024 sunt,
657 945 806 1024 habueris,
826 945 927 1005 eadem
948 945 1136 1005 medicamini

12 1085 13 1088 ,
120 1031 312 1092 admiscebis:
336 1032 422 1092 Croci
446 1026 486 1118 ξι
510 1033 531 1112 l,
556 1052 673 1094 murrae
698 1026 791 1119 211,
815 1051 900 1093 rosae
925 1036 1020 1092 siccae
1041 1025 1080 1118 ,β
1099 1031 1135 1092 ll.

80 1137 106 1176 ιο
120 1120 200 1180 llaec
223 1123 362 1181 universa
385 1124 497 1200 pariter
520 1121 659 1182 miscebis
682 1131 713 1181 et
735 1121 885 1182 auriculae
905 1121 1017 1182 dolenti
1035 1123 1133 1182 infun·

12 1225 13 1288 3
120 1210 188 1289 des3
212 1229 269 1288 qua
291 1229 324 1269 re
344 1210 462 1270 curabis
482 1219 511 1270 et
530 1212 750 1271 concretionem
769 1212 830 1270 sive
850 1211 1066 1289 ypersarcosim
1085 1228 1134 1270 au-

12 1289 13 1298 *
120 1299 212 1376 rium,
246 1301 272 1358 si
304 1299 395 1359 addes
423 1306 454 1358 et
487 1299 624 1360 aluminis
657 1299 762 1359 schisti
790 1291 829 1385 ,Q-
858 1297 898 1378 ll,
931 1299 989 1358 olei
1020 1297 1136 1359 cedrini

121 1387 243 1466 cyathos
264 1379 379 1473 ,tuli
413 1387 562 1448 Adversus
582 1391 754 1466 gravitatem
773 1387 913 1448 audiendi
932 1386 971 1446 fel
990 1385 1133 1447 bubulum
1154 1403 1188 1451 cc

121 1493 190 1535 cum
213 1477 299 1535 irrina
322 1475 400 1535 birci
422 1475 580 1555 auriculae,
600 1495 674 1555 quae
694 1477 859 1536 molestiam
883 1475 1044 1554 surdiginis
1062 1476 1135 1552 pati·

82 1582 108 1623 15
123 1571 188 1642 tur,
219 1563 376 1623 instillabis
405 1567 563 1642 statimque
592 1565 757 1624 subvenies.
810 1564 940 1624 Auribus
968 1563 1136 1641 purulentis
1155 1577 1188 1628 sn

122 1655 235 1712 nitrum
249 1654 318 1711 vino
335 1651 526 1730 liquefactum
544 1663 625 1712 recte
644 1654 821 1732 infunditur,
840 1655 909 1730 quia
928 1654 1028 1710 statim
1048 1650 1136 1727 prod-

122 1748 176 1800 est.
223 1739 266 1800 ld
299 1743 416 1801 aurium
449 1741 595 1820 dolorem,
629 1759 703 1820 quae
735 1759 792 1818 pus
827 1743 977 1818 emittent,
1009 1737 1136 1798 laridum
1155 1755 1188 1803 ss

122 1830 359 1889 vetustissimum
382 1836 462 1890 teres
485 1831 516 1888 in
540 1831 682 1888 mortario
710 1836 740 1888 et
764 1845 868 1888 sucum
891 1826 975 1894 illum
999 1825 1064 1886 lana
1087 1825 1136 1884 de·

121 1917 208 1977 licata
241 1916 399 1978 collectum
432 1920 463 1978 in
496 1917 659 1978 auriculam
686 1919 819 1976 inmittes
848 1922 878 1974 ct
906 1913 1033 1974 subinde
1061 1931 1137 1991 aqua

81 2027 109 2066 nc
122 2005 215 2066 calida
239 2005 351 2066 fovebis
375 2008 538 2066 etiterum
561 2023 666 2066 sucum
689 2004 772 2065 illum
795 2003 944 2082 infundes,
966 2004 1041 2062 mira
1061 2001 1136 2060 velo·

122 2097 211 2154 citatc
240 2095 365 2154 sanabis.
412 2094 562 2156 Pullinum
590 2095 763 2171 sanguinem
786 2092 920 2170 tepidum
943 2093 975 2150 in
999 2107 1062 2149 eam
1087 2107 1136 2148 au·
1156 2106 1189 2154 63

122 2201 200 2263 rem,
231 2202 305 2262 quae
335 2183 491 2243 obtunsior
521 2185 578 2243 erit
604 2182 649 2242 vel
672 2181 796 2260 dolebit,
824 2179 972 2240 infundes.
1018 2177 1137 2237 Lotium
1156 2195 1189 2243 ro

123 2273 278 2350 caprinum
307 2271 363 2332 sub
392 2290 426 2331 eo
455 2280 619 2351 momento,
648 2289 706 2349 quo
736 2272 881 2349 egeritur,
910 2267 1043 2346 tepidum
1072 2266 1137 2326 auri

122 2359 268 2420 obtunsae
296 2360 444 2420 infundes.
490 2361 563 2438 Apri
589 2361 676 2420 etiam
704 2357 807 2418 lotium
832 2359 863 2418 in
887 2356 968 2416 fumo
992 2357 1136 2415 siccatum
1156 2371 1188 2421 ⁷1

82 2467 108 2508 as
123 2457 153 2508 ct
185 2448 270 2508 melle
301 2449 492 2527 liquefactum
521 2450 587 2508 auri
613 2447 781 2507 infunditur
809 2453 839 2506 et
867 2445 1011 2505 remediat
1039 2443 1135 2504 surdi·

122 2537 252 2614 diginem
280 2536 327 2596 vel
355 2536 495 2597 dolorem.
540 2537 582 2596 Ad
612 2537 692 2596 aruris
716 2535 847 2595 dolorem
870 2533 929 2594 mel
952 2531 1135 2592 stillaticium
1155 2547 1188 2595 ‘12

123 2643 198 2704 opus
222 2632 276 2704 est,
300 2625 379 2704 quod
403 2627 443 2685 ita
466 2625 565 2684 facies.
599 2623 709 2684 Favum
733 2623 898 2684 contundes
922 2630 952 2681 et
971 2619 1136 2698 suspendes

122 2715 154 2772 in
181 2713 272 2773 linteo
301 2713 396 2773 nitido
425 2721 455 2773 ct
483 2713 575 2772 denso
603 2721 633 2772 et
657 2713 736 2791 quod
761 2712 967 2772 decucurrerit
991 2710 1137 2786 suscipies

122 2803 152 2860 in
178 2802 283 2882 calice3
307 2819 396 2880 quem
419 2801 541 2861 calicem
563 2809 666 2880 postea
690 2819 782 2879 pones
805 2803 836 2859 in
859 2797 948 2858 ollula
971 2797 1047 2856 fabri
1067 2814 1136 2856 cum

82 2911 109 2950 so
123 2888 217 2950 calida
241 2890 470 2968 ferventissima,
499 2899 641 2966 quantum
665 2888 740 2949 calix
764 2887 888 2948 sufferre
912 2887 1020 2964 possit,
1048 2892 1138 2962 atque

122 2978 192 3037 inde
222 2977 389 3038 medicinali
413 2977 533 3056 specillo
557 2980 587 3037 in
611 2995 713 3039 aurem
742 2975 893 3054 infundes,
919 2992 992 3052 quae
1017 2971 1138 3050 dolebit,

124 3085 212 3145 quam
236 3065 302 3126 lana
321 3066 449 3126 claudes.
495 3065 594 3126 lacere
621 3074 718 3126 autem
743 3064 831 3124 debet
853 3066 884 3123 in
908 3061 964 3121 alio
988 3061 1079 3121 latere
1103 3063 1138 3132 is,

124 3159 173 3215 cui
197 3155 376 3215 medendum
396 3163 450 3230 est,
473 3163 532 3214 tam
556 3155 616 3234 diu,
639 3155 732 3214 donec
753 3151 901 3212 combibat
919 3149 978 3209 mel
997 3148 1076 3228 quod
1096 3151 1138 3207 in·

123 3243 223 3304 fusum
247 3244 346 3304 fuerit.
394 3243 502 3303 Sub-uei
526 3261 610 3303 uvam
635 3249 780 3302 maturam
809 3241 957 3317 exprimes
983 3246 1013 3297 et
1036 3253 1139 3315 pones,
1158 3251 1191 3299 ra

198 3377 267 3430 led
286 3393 337 3432 om.
426 3381 458 3430 12
478 3376 502 3429 si
520 3391 570 3431 om.
657 3374 766 3444 subisti]
787 3369 894 3426 scienti.
982 3351 1014 3422 13
1035 3370 1138 3436 eyatos.

125 3453 159 3502 14
179 3448 263 3518 quae]
283 3466 373 3516 quem.
472 3452 506 3500 23
525 3461 580 3514 quo
599 3445 734 3514 egeritur]
754 3443 887 3510 coegitur.
931 3507 937 3519 ι
969 3445 1003 3492 29
1023 3437 1139 3494 ollolam

123 3517 214 3572 suberi
303 3524 337 3572 30
357 3517 473 3573 sufferri.
547 3522 579 3571 at
600 3514 718 3585 spicillo.
792 3519 825 3566 33
845 3508 997 3564 cumb1bat.
