<?xml version="1.0" encoding="UTF-8"?>
<!DOCTYPE html PUBLIC "-//W3C//DTD XHTML 1.0 Transitional//EN"
    "http://www.w3.org/TR/xhtml1/DTD/xhtml1-transitional.dtd">
<html xmlns="http://www.w3.org/1999/xhtml" xml:lang="en" lang="en">
 <head>
  <title>
</title>
<meta http-equiv="Content-Type" content="text/html;charset=utf-8" />
  <meta name='ocr-system' content='tesseract 3.04.00' />
  <meta name='ocr-capabilities' content='ocr_page ocr_carea ocr_par ocr_line ocrx_word'/>
</head>
<body>
  <div class='ocr_page' id='page_1' title='image "./marcellidemedic02helmgoog_0200.png"; bbox 0 0 2540 3802; ppageno 0'>
   <div class='ocr_carea' id='block_1_1' title="bbox 566 127 807 200">
    <p class='ocr_par' dir='ltr' id='par_1_1' title="bbox 566 127 807 200">
     <span class='ocr_line' id='line_1_1' title="bbox 566 127 807 200; baseline -0.004 0"><span class='ocrx_word' id='word_1_1' title='bbox 566 170 608 178; x_wconf 50' lang='grc'><em>“</em></span> <span class='ocrx_word' id='word_1_2' title='bbox 656 127 807 200; x_wconf 68' lang='lat'>188⁹-</span> 
     </span>
    </p>
   </div>
   <div class='ocr_carea' id='block_1_2' title="bbox 147 295 1257 3305">
    <p class='ocr_par' dir='ltr' id='par_1_2' title="bbox 181 295 1255 464">
     <span class='ocr_line' id='line_1_2' title="bbox 181 295 1255 376; baseline -0.002 -18"><span class='ocrx_word' id='word_1_3' title='bbox 181 306 271 376; x_wconf 90' lang='lat' dir='ltr'><strong>atque</strong></span> <span class='ocrx_word' id='word_1_4' title='bbox 294 295 361 356; x_wconf 89' lang='lat' dir='ltr'><strong>ideo</strong></span> <span class='ocrx_word' id='word_1_5' title='bbox 383 313 442 356; x_wconf 92' lang='lat' dir='ltr'><strong>non</strong></span> <span class='ocrx_word' id='word_1_6' title='bbox 461 297 539 356; x_wconf 88' lang='lat' dir='ltr'><strong>idem</strong></span> <span class='ocrx_word' id='word_1_7' title='bbox 560 295 697 358; x_wconf 91' lang='lat' dir='ltr'><strong>omnibus</strong></span> <span class='ocrx_word' id='word_1_8' title='bbox 715 303 878 376; x_wconf 80' lang='lat' dir='ltr'>praestant,</span> <span class='ocrx_word' id='word_1_9' title='bbox 897 314 964 356; x_wconf 89' lang='lat' dir='ltr'><strong>cum</strong></span> <span class='ocrx_word' id='word_1_10' title='bbox 984 297 1106 355; x_wconf 90' lang='lat' dir='ltr'><strong>interim</strong></span> <span class='ocrx_word' id='word_1_11' title='bbox 1125 295 1193 356; x_wconf 89' lang='lat' dir='ltr'><strong>haec</strong></span> <span class='ocrx_word' id='word_1_12' title='bbox 1254 365 1255 370; x_wconf 8' lang='grc' dir='ltr'>η</span> 
     </span>
     <span class='ocr_line' id='line_1_3' title="bbox 183 383 1193 464; baseline -0.001 -19"><span class='ocrx_word' id='word_1_13' title='bbox 183 385 307 446; x_wconf 86' lang='lat' dir='ltr'><strong>mirihoa</strong></span> <span class='ocrx_word' id='word_1_14' title='bbox 334 393 535 464; x_wconf 79' lang='lat' dir='ltr'><strong>temperatura</strong></span> <span class='ocrx_word' id='word_1_15' title='bbox 563 388 727 464; x_wconf 89' lang='lat' dir='ltr'><strong>composita</strong></span> <span class='ocrx_word' id='word_1_16' title='bbox 755 385 898 445; x_wconf 87' lang='lat' dir='ltr'><strong>mirificos</strong></span> <span class='ocrx_word' id='word_1_17' title='bbox 927 384 1051 444; x_wconf 83' lang='lat' dir='ltr'><strong>effectus</strong></span> <span class='ocrx_word' id='word_1_18' title='bbox 1082 383 1193 444; x_wconf 89' lang='lat' dir='ltr'><strong>habeat.</strong></span> 
     </span>
    </p>

    <p class='ocr_par' dir='ltr' id='par_1_3' title="bbox 147 472 1220 998">
     <span class='ocr_line' id='line_1_4' title="bbox 147 472 1195 541; baseline 0.001 -8"><span class='ocrx_word' id='word_1_19' title='bbox 147 493 163 541; x_wconf 82' lang='lat'><strong>2</strong></span> <span class='ocrx_word' id='word_1_20' title='bbox 271 473 355 535; x_wconf 87' lang='lat' dir='ltr'><strong>Facit</strong></span> <span class='ocrx_word' id='word_1_21' title='bbox 373 491 443 533; x_wconf 88' lang='lat' dir='ltr'><strong>vero</strong></span> <span class='ocrx_word' id='word_1_22' title='bbox 462 473 520 534; x_wconf 90' lang='lat' dir='ltr'><strong>hoc</strong></span> <span class='ocrx_word' id='word_1_23' title='bbox 538 473 787 534; x_wconf 81' lang='lat' dir='ltr'><strong>medicamentum</strong></span> <span class='ocrx_word' id='word_1_24' title='bbox 805 491 865 534; x_wconf 94' lang='lat' dir='ltr'><strong>non</strong></span> <span class='ocrx_word' id='word_1_25' title='bbox 885 473 983 533; x_wconf 89' lang='lat' dir='ltr'><strong>solum</strong></span> <span class='ocrx_word' id='word_1_26' title='bbox 996 472 1033 534; x_wconf 94' lang='lat' dir='ltr'><strong>ad</strong></span> <span class='ocrx_word' id='word_1_27' title='bbox 1053 473 1195 534; x_wconf 80' lang='lat' dir='ltr'><strong>stomachi</strong></span> 
     </span>
     <span class='ocr_line' id='line_1_5' title="bbox 183 561 1195 642; baseline -0.002 -18"><span class='ocrx_word' id='word_1_28' title='bbox 183 571 213 624; x_wconf 89' lang='lat' dir='ltr'><strong>et</strong></span> <span class='ocrx_word' id='word_1_29' title='bbox 241 561 342 624; x_wconf 88' lang='lat' dir='ltr'><strong>lateris</strong></span> <span class='ocrx_word' id='word_1_30' title='bbox 370 562 517 640; x_wconf 90' lang='lat' dir='ltr'><strong>dolorem,</strong></span> <span class='ocrx_word' id='word_1_31' title='bbox 544 562 597 622; x_wconf 90' lang='lat' dir='ltr'><strong>sed</strong></span> <span class='ocrx_word' id='word_1_32' title='bbox 625 565 713 623; x_wconf 90' lang='lat' dir='ltr'><strong>etiarn</strong></span> <span class='ocrx_word' id='word_1_33' title='bbox 742 562 778 622; x_wconf 94' lang='lat' dir='ltr'><strong>ad</strong></span> <span class='ocrx_word' id='word_1_34' title='bbox 801 561 887 642; x_wconf 90' lang='lat' dir='ltr'><strong>plura</strong></span> <span class='ocrx_word' id='word_1_35' title='bbox 917 563 988 622; x_wconf 90' lang='lat' dir='ltr'><strong>vitia</strong></span> <span class='ocrx_word' id='word_1_36' title='bbox 1021 561 1195 642; x_wconf 70' lang='lat' dir='ltr'><strong>efficaciter,</strong></span> 
     </span>
     <span class='ocr_line' id='line_1_6' title="bbox 183 648 1220 732; baseline -0.003 -19"><span class='ocrx_word' id='word_1_37' title='bbox 183 651 376 732; x_wconf 89' lang='lat' dir='ltr'><strong>quamobrem</strong></span> <span class='ocrx_word' id='word_1_38' title='bbox 400 669 518 730; x_wconf 83' lang='lat' dir='ltr'><strong>semper</strong></span> <span class='ocrx_word' id='word_1_39' title='bbox 536 649 706 711; x_wconf 91' lang='lat' dir='ltr'><strong>habendum</strong></span> <span class='ocrx_word' id='word_1_40' title='bbox 720 659 766 711; x_wconf 89' lang='lat' dir='ltr'><strong>est</strong></span> <span class='ocrx_word' id='word_1_41' title='bbox 781 653 987 729; x_wconf 90' lang='lat' dir='ltr'><strong>compositum.</strong></span> <span class='ocrx_word' id='word_1_42' title='bbox 1020 648 1220 711; x_wconf 79' lang='lat' dir='ltr'><strong>Percurrama</strong></span> 
     </span>
     <span class='ocr_line' id='line_1_7' title="bbox 183 738 1197 821; baseline -0.004 -19"><span class='ocrx_word' id='word_1_43' title='bbox 183 751 283 802; x_wconf 88' lang='lat' dir='ltr'><strong>autem</strong></span> <span class='ocrx_word' id='word_1_44' title='bbox 303 759 392 820; x_wconf 89' lang='lat' dir='ltr'><strong>qnam</strong></span> <span class='ocrx_word' id='word_1_45' title='bbox 407 739 590 820; x_wconf 88' lang='lat' dir='ltr'><strong>brevissime,</strong></span> <span class='ocrx_word' id='word_1_46' title='bbox 609 738 646 799; x_wconf 91' lang='lat' dir='ltr'><strong>ad</strong></span> <span class='ocrx_word' id='word_1_47' title='bbox 661 757 737 818; x_wconf 92' lang='lat' dir='ltr'><strong>quae</strong></span> <span class='ocrx_word' id='word_1_48' title='bbox 752 741 821 800; x_wconf 83' lang='lat' dir='ltr'><strong>vitia</strong></span> <span class='ocrx_word' id='word_1_49' title='bbox 836 738 964 818; x_wconf 82' lang='lat' dir='ltr'><strong>qualiter</strong></span> <span class='ocrx_word' id='word_1_50' title='bbox 979 738 1080 799; x_wconf 88' lang='lat' dir='ltr'><strong>datum</strong></span> <span class='ocrx_word' id='word_1_51' title='bbox 1095 741 1197 821; x_wconf 86' lang='lat' dir='ltr'><strong>prosit,</strong></span> 
     </span>
     <span class='ocr_line' id='line_1_8' title="bbox 183 828 1198 907; baseline -0.003 -16"><span class='ocrx_word' id='word_1_52' title='bbox 183 839 218 891; x_wconf 92' lang='lat' dir='ltr'><strong>ut</strong></span> <span class='ocrx_word' id='word_1_53' title='bbox 241 839 271 891; x_wconf 91' lang='lat' dir='ltr'><strong>et</strong></span> <span class='ocrx_word' id='word_1_54' title='bbox 293 832 325 890; x_wconf 92' lang='lat' dir='ltr'><strong>in</strong></span> <span class='ocrx_word' id='word_1_55' title='bbox 348 828 447 890; x_wconf 92' lang='lat' dir='ltr'><strong>libello</strong></span> <span class='ocrx_word' id='word_1_56' title='bbox 472 831 537 889; x_wconf 88' lang='lat' dir='ltr'><strong>eius</strong></span> <span class='ocrx_word' id='word_1_57' title='bbox 560 830 706 907; x_wconf 91' lang='lat' dir='ltr'><strong>scriptum</strong></span> <span class='ocrx_word' id='word_1_58' title='bbox 730 835 776 888; x_wconf 91' lang='lat' dir='ltr'><strong>cst</strong></span> <span class='ocrx_word' id='word_1_59' title='bbox 799 835 829 888; x_wconf 89' lang='lat' dir='ltr'><strong>et</strong></span> <span class='ocrx_word' id='word_1_60' title='bbox 852 845 907 906; x_wconf 83' lang='lat' dir='ltr'><strong>ego</strong></span> <span class='ocrx_word' id='word_1_61' title='bbox 931 847 968 888; x_wconf 83' lang='lat' dir='ltr'><strong>ex</strong></span> <span class='ocrx_word' id='word_1_62' title='bbox 989 845 1097 907; x_wconf 82' lang='lat' dir='ltr'><strong>magna</strong></span> <span class='ocrx_word' id='word_1_63' title='bbox 1115 836 1198 907; x_wconf 93' lang='lat' dir='ltr'><strong>parte</strong></span> 
     </span>
     <span class='ocr_line' id='line_1_9' title="bbox 184 927 425 998; baseline -0.004 -19"><span class='ocrx_word' id='word_1_64' title='bbox 184 927 326 998; x_wconf 82' lang='lat' dir='ltr'><strong>expertus</strong></span> <span class='ocrx_word' id='word_1_65' title='bbox 349 936 425 979; x_wconf 91' lang='lat' dir='ltr'><strong>sum.</strong></span> 
     </span>
    </p>

    <p class='ocr_par' dir='ltr' id='par_1_4' title="bbox 149 1002 1257 3035">
     <span class='ocr_line' id='line_1_10' title="bbox 149 1002 1200 1085; baseline 0 -19"><span class='ocrx_word' id='word_1_66' title='bbox 149 1027 165 1074; x_wconf 82' lang='lat'><strong>3</strong></span> <span class='ocrx_word' id='word_1_67' title='bbox 275 1007 365 1067; x_wconf 89' lang='lat' dir='ltr'><strong>Sanat</strong></span> <span class='ocrx_word' id='word_1_68' title='bbox 387 1024 458 1085; x_wconf 81' lang='lat' dir='ltr'><strong>ergo</strong></span> <span class='ocrx_word' id='word_1_69' title='bbox 483 1004 586 1066; x_wconf 90' lang='lat' dir='ltr'><strong>morbo</strong></span> <span class='ocrx_word' id='word_1_70' title='bbox 610 1004 752 1066; x_wconf 92' lang='lat' dir='ltr'><strong>comitiali</strong></span> <span class='ocrx_word' id='word_1_71' title='bbox 774 1015 939 1085; x_wconf 79' lang='lat' dir='ltr'><strong>correptae,</strong></span> <span class='ocrx_word' id='word_1_72' title='bbox 965 1022 1040 1084; x_wconf 91' lang='lat' dir='ltr'><strong>quos</strong></span> <span class='ocrx_word' id='word_1_73' title='bbox 1064 1002 1200 1083; x_wconf 89' lang='lat' dir='ltr'><strong>epilepti-</strong></span> 
     </span>
     <span class='ocr_line' id='line_1_11' title="bbox 185 1093 1243 1175; baseline -0.002 -20"><span class='ocrx_word' id='word_1_74' title='bbox 185 1113 236 1156; x_wconf 88' lang='lat' dir='ltr'><strong>cos</strong></span> <span class='ocrx_word' id='word_1_75' title='bbox 260 1094 366 1155; x_wconf 89' lang='lat' dir='ltr'><strong>Graeci</strong></span> <span class='ocrx_word' id='word_1_76' title='bbox 388 1102 507 1175; x_wconf 85' lang='lat' dir='ltr'><strong>vocant,</strong></span> <span class='ocrx_word' id='word_1_77' title='bbox 531 1102 561 1155; x_wconf 90' lang='lat' dir='ltr'><strong>et</strong></span> <span class='ocrx_word' id='word_1_78' title='bbox 584 1094 726 1175; x_wconf 82' lang='lat' dir='ltr'><strong>furiosos,</strong></span> <span class='ocrx_word' id='word_1_79' title='bbox 754 1112 830 1172; x_wconf 88' lang='lat' dir='ltr'><strong>quos</strong></span> <span class='ocrx_word' id='word_1_80' title='bbox 853 1111 1064 1154; x_wconf 90' lang='lat' dir='ltr'><strong>maenomenos</strong></span> <span class='ocrx_word' id='word_1_81' title='bbox 1087 1093 1202 1154; x_wconf 93' lang='lat' dir='ltr'><strong>dicunt.</strong></span> <span class='ocrx_word' id='word_1_82' title='bbox 1216 1108 1243 1147; x_wconf 85' lang='lat'><strong>1⁰</strong></span> 
     </span>
     <span class='ocr_line' id='line_1_12' title="bbox 186 1181 1202 1261; baseline 0 -19"><span class='ocrx_word' id='word_1_83' title='bbox 186 1183 260 1242; x_wconf 88' lang='lat' dir='ltr'><strong>item</strong></span> <span class='ocrx_word' id='word_1_84' title='bbox 288 1190 372 1243; x_wconf 91' lang='lat' dir='ltr'><strong>sanat</strong></span> <span class='ocrx_word' id='word_1_85' title='bbox 399 1182 508 1261; x_wconf 89' lang='lat' dir='ltr'><strong>quihus</strong></span> <span class='ocrx_word' id='word_1_86' title='bbox 537 1181 636 1243; x_wconf 93' lang='lat' dir='ltr'><strong>subito</strong></span> <span class='ocrx_word' id='word_1_87' title='bbox 664 1181 806 1243; x_wconf 88' lang='lat' dir='ltr'><strong>tenebrae</strong></span> <span class='ocrx_word' id='word_1_88' title='bbox 830 1181 1027 1243; x_wconf 87' lang='lat' dir='ltr'><strong>obversantur</strong></span> <span class='ocrx_word' id='word_1_89' title='bbox 1050 1183 1082 1242; x_wconf 93' lang='lat' dir='ltr'><strong>in</strong></span> <span class='ocrx_word' id='word_1_90' title='bbox 1106 1182 1202 1242; x_wconf 91' lang='lat' dir='ltr'><strong>oculis</strong></span> 
     </span>
     <span class='ocr_line' id='line_1_13' title="bbox 186 1269 1204 1352; baseline 0.001 -22"><span class='ocrx_word' id='word_1_91' title='bbox 186 1287 255 1330; x_wconf 88' lang='lat' dir='ltr'><strong>cum</strong></span> <span class='ocrx_word' id='word_1_92' title='bbox 278 1272 423 1349; x_wconf 84' lang='lat' dir='ltr'><strong>vertigine</strong></span> <span class='ocrx_word' id='word_1_93' title='bbox 447 1270 583 1352; x_wconf 89' lang='lat' dir='ltr'><strong>quadam,</strong></span> <span class='ocrx_word' id='word_1_94' title='bbox 606 1273 814 1332; x_wconf 88' lang='lat' dir='ltr'><strong>scotomaticos</strong></span> <span class='ocrx_word' id='word_1_95' title='bbox 833 1272 888 1331; x_wconf 92' lang='lat' dir='ltr'><strong>hos</strong></span> <span class='ocrx_word' id='word_1_96' title='bbox 912 1270 1018 1332; x_wconf 85' lang='lat' dir='ltr'><strong>Graeci</strong></span> <span class='ocrx_word' id='word_1_97' title='bbox 1043 1269 1204 1352; x_wconf 89' lang='lat' dir='ltr'><strong>appellant,</strong></span> 
     </span>
     <span class='ocr_line' id='line_1_14' title="bbox 186 1358 1202 1440; baseline 0 -21"><span class='ocrx_word' id='word_1_98' title='bbox 186 1376 242 1419; x_wconf 91' lang='lat' dir='ltr'><strong>nec</strong></span> <span class='ocrx_word' id='word_1_99' title='bbox 269 1360 369 1419; x_wconf 89' lang='lat' dir='ltr'><strong>minus</strong></span> <span class='ocrx_word' id='word_1_100' title='bbox 397 1358 511 1419; x_wconf 93' lang='lat' dir='ltr'><strong>diutino</strong></span> <span class='ocrx_word' id='word_1_101' title='bbox 537 1361 684 1438; x_wconf 88' lang='lat' dir='ltr'><strong>correptis</strong></span> <span class='ocrx_word' id='word_1_102' title='bbox 708 1361 814 1439; x_wconf 87' lang='lat' dir='ltr'><strong>eapitis</strong></span> <span class='ocrx_word' id='word_1_103' title='bbox 837 1359 952 1440; x_wconf 90' lang='lat' dir='ltr'><strong>dolore,</strong></span> <span class='ocrx_word' id='word_1_104' title='bbox 980 1377 1070 1440; x_wconf 90' lang='lat' dir='ltr'><strong>quem</strong></span> <span class='ocrx_word' id='word_1_105' title='bbox 1093 1359 1202 1438; x_wconf 91' lang='lat' dir='ltr'><strong>cepha-</strong></span> 
     </span>
     <span class='ocr_line' id='line_1_15' title="bbox 186 1446 1203 1529; baseline 0 -21"><span class='ocrx_word' id='word_1_106' title='bbox 186 1447 279 1508; x_wconf 91' lang='lat' dir='ltr'><strong>laeam</strong></span> <span class='ocrx_word' id='word_1_107' title='bbox 303 1446 465 1529; x_wconf 89' lang='lat' dir='ltr'><strong>appellant,</strong></span> <span class='ocrx_word' id='word_1_108' title='bbox 492 1447 615 1527; x_wconf 90' lang='lat' dir='ltr'><strong>prodest</strong></span> <span class='ocrx_word' id='word_1_109' title='bbox 642 1448 709 1509; x_wconf 93' lang='lat' dir='ltr'><strong>data</strong></span> <span class='ocrx_word' id='word_1_110' title='bbox 737 1448 868 1509; x_wconf 90' lang='lat' dir='ltr'><strong>denariis</strong></span> <span class='ocrx_word' id='word_1_111' title='bbox 895 1447 1013 1509; x_wconf 91' lang='lat' dir='ltr'><strong>duobus</strong></span> <span class='ocrx_word' id='word_1_112' title='bbox 1041 1466 1078 1508; x_wconf 82' lang='lat' dir='ltr'><strong>ex</strong></span> <span class='ocrx_word' id='word_1_113' title='bbox 1107 1466 1203 1528; x_wconf 90' lang='lat' dir='ltr'><strong>aquae</strong></span> 
     </span>
     <span class='ocr_line' id='line_1_16' title="bbox 187 1535 1238 1618; baseline 0 -20"><span class='ocrx_word' id='word_1_114' title='bbox 187 1535 299 1598; x_wconf 90' lang='lat' dir='ltr'><strong>mulsae</strong></span> <span class='ocrx_word' id='word_1_115' title='bbox 328 1537 441 1618; x_wconf 80' lang='lat' dir='ltr'><strong>cyathis</strong></span> <span class='ocrx_word' id='word_1_116' title='bbox 470 1545 622 1617; x_wconf 89' lang='lat' dir='ltr'><strong>quattuor,</strong></span> <span class='ocrx_word' id='word_1_117' title='bbox 651 1555 720 1598; x_wconf 90' lang='lat' dir='ltr'><strong>oum</strong></span> <span class='ocrx_word' id='word_1_118' title='bbox 745 1539 864 1598; x_wconf 91' lang='lat' dir='ltr'><strong>remissi</strong></span> <span class='ocrx_word' id='word_1_119' title='bbox 886 1537 1012 1618; x_wconf 89' lang='lat' dir='ltr'><strong>fuerint,</strong></span> <span class='ocrx_word' id='word_1_120' title='bbox 1039 1544 1070 1597; x_wconf 92' lang='lat' dir='ltr'><strong>et</strong></span> <span class='ocrx_word' id='word_1_121' title='bbox 1094 1538 1121 1596; x_wconf 89' lang='lat' dir='ltr'><strong>si</strong></span> <span class='ocrx_word' id='word_1_122' title='bbox 1144 1538 1238 1598; x_wconf 80' lang='lat' dir='ltr'><strong>ire-1⁵</strong></span> 
     </span>
     <span class='ocr_line' id='line_1_17' title="bbox 188 1619 1204 1708; baseline -0.001 -21"><span class='ocrx_word' id='word_1_123' title='bbox 188 1633 327 1708; x_wconf 86' lang='lat' dir='ltr'><strong>quenter,</strong></span> <span class='ocrx_word' id='word_1_124' title='bbox 356 1619 465 1705; x_wconf 59' lang='lat' dir='ltr'><strong>‘quibus</strong></span> <span class='ocrx_word' id='word_1_125' title='bbox 492 1629 660 1687; x_wconf 89' lang='lat' dir='ltr'><strong>necessaria</strong></span> <span class='ocrx_word' id='word_1_126' title='bbox 689 1634 748 1706; x_wconf 89' lang='lat' dir='ltr'><strong>est,</strong></span> <span class='ocrx_word' id='word_1_127' title='bbox 776 1628 991 1706; x_wconf 86' lang='lat' dir='ltr'><strong>corripientur,</strong></span> <span class='ocrx_word' id='word_1_128' title='bbox 1020 1633 1090 1705; x_wconf 91' lang='lat' dir='ltr'><strong>post</strong></span> <span class='ocrx_word' id='word_1_129' title='bbox 1116 1624 1204 1687; x_wconf 90' lang='lat' dir='ltr'><strong>binas</strong></span> 
     </span>
     <span class='ocr_line' id='line_1_18' title="bbox 187 1713 1204 1777; baseline -0.002 -1"><span class='ocrx_word' id='word_1_130' title='bbox 187 1724 324 1777; x_wconf 90' lang='lat' dir='ltr'><strong>ternasve</strong></span> <span class='ocrx_word' id='word_1_131' title='bbox 347 1717 535 1776; x_wconf 86' lang='lat' dir='ltr'><strong>accessiones</strong></span> <span class='ocrx_word' id='word_1_132' title='bbox 558 1715 652 1776; x_wconf 91' lang='lat' dir='ltr'><strong>danda</strong></span> <span class='ocrx_word' id='word_1_133' title='bbox 676 1716 742 1775; x_wconf 89' lang='lat' dir='ltr'><strong>erit.</strong></span> <span class='ocrx_word' id='word_1_134' title='bbox 776 1713 856 1775; x_wconf 89' lang='lat' dir='ltr'><strong>Haec</strong></span> <span class='ocrx_word' id='word_1_135' title='bbox 879 1714 1029 1775; x_wconf 90' lang='lat' dir='ltr'><strong>antidotos</strong></span> <span class='ocrx_word' id='word_1_136' title='bbox 1052 1713 1136 1775; x_wconf 88' lang='lat' dir='ltr'><strong>hiera</strong></span> <span class='ocrx_word' id='word_1_137' title='bbox 1163 1715 1204 1776; x_wconf 93' lang='lat' dir='ltr'><strong>di-</strong></span> 
     </span>
     <span class='ocr_line' id='line_1_19' title="bbox 188 1803 1206 1885; baseline -0.002 -19"><span class='ocrx_word' id='word_1_138' title='bbox 188 1807 281 1885; x_wconf 73' lang='lat' dir='ltr'><strong>citur,</strong></span> <span class='ocrx_word' id='word_1_139' title='bbox 304 1805 360 1866; x_wconf 93' lang='lat' dir='ltr'><strong>hoc</strong></span> <span class='ocrx_word' id='word_1_140' title='bbox 384 1807 464 1865; x_wconf 92' lang='lat' dir='ltr'><strong>enim</strong></span> <span class='ocrx_word' id='word_1_141' title='bbox 487 1822 595 1865; x_wconf 90' lang='lat' dir='ltr'><strong>nornen</strong></span> <span class='ocrx_word' id='word_1_142' title='bbox 618 1803 724 1864; x_wconf 91' lang='lat' dir='ltr'><strong>tribuit</strong></span> <span class='ocrx_word' id='word_1_143' title='bbox 748 1805 776 1863; x_wconf 90' lang='lat' dir='ltr'><strong>ei</strong></span> <span class='ocrx_word' id='word_1_144' title='bbox 798 1812 921 1883; x_wconf 90' lang='lat' dir='ltr'><strong>propter</strong></span> <span class='ocrx_word' id='word_1_145' title='bbox 940 1803 1014 1864; x_wconf 90' lang='lat' dir='ltr'><strong>duas</strong></span> <span class='ocrx_word' id='word_1_146' title='bbox 1033 1821 1150 1884; x_wconf 81' lang='lat' dir='ltr'><strong>causas,</strong></span> <span class='ocrx_word' id='word_1_147' title='bbox 1173 1813 1206 1864; x_wconf 93' lang='lat' dir='ltr'><strong>ut</strong></span> 
     </span>
     <span class='ocr_line' id='line_1_20' title="bbox 189 1891 1206 1974; baseline -0.002 -20"><span class='ocrx_word' id='word_1_148' title='bbox 189 1894 339 1974; x_wconf 81' lang='lat' dir='ltr'><strong>existim03</strong></span> <span class='ocrx_word' id='word_1_149' title='bbox 363 1912 461 1974; x_wconf 91' lang='lat' dir='ltr'><strong>unam,</strong></span> <span class='ocrx_word' id='word_1_150' title='bbox 485 1911 523 1954; x_wconf 89' lang='lat' dir='ltr'><strong>ne</strong></span> <span class='ocrx_word' id='word_1_151' title='bbox 542 1911 651 1954; x_wconf 91' lang='lat' dir='ltr'><strong>nomen</strong></span> <span class='ocrx_word' id='word_1_152' title='bbox 670 1894 734 1953; x_wconf 90' lang='lat' dir='ltr'><strong>eius</strong></span> <span class='ocrx_word' id='word_1_153' title='bbox 753 1911 857 1953; x_wconf 92' lang='lat' dir='ltr'><strong>verum</strong></span> <span class='ocrx_word' id='word_1_154' title='bbox 876 1891 1002 1953; x_wconf 92' lang='lat' dir='ltr'><strong>dicendo</strong></span> <span class='ocrx_word' id='word_1_155' title='bbox 1022 1891 1206 1973; x_wconf 83' lang='lat' dir='ltr'><strong>ostenderet,</strong></span> 
     </span>
     <span class='ocr_line' id='line_1_21' title="bbox 189 1980 1242 2062; baseline -0.008 -19"><span class='ocrx_word' id='word_1_156' title='bbox 189 2001 265 2062; x_wconf 90' lang='lat' dir='ltr'><strong>quae</strong></span> <span class='ocrx_word' id='word_1_157' title='bbox 288 1991 426 2043; x_wconf 89' lang='lat' dir='ltr'><strong>esset-</strong></span> <span class='ocrx_word' id='word_1_158' title='bbox 440 1983 551 2043; x_wconf 92' lang='lat' dir='ltr'><strong>dicitur</strong></span> <span class='ocrx_word' id='word_1_159' title='bbox 575 1984 653 2042; x_wconf 90' lang='lat' dir='ltr'><strong>enim</strong></span> <span class='ocrx_word' id='word_1_160' title='bbox 673 1999 689 2040; x_wconf 89' lang='lat' dir='ltr'><strong>a</strong></span> <span class='ocrx_word' id='word_1_161' title='bbox 708 1980 886 2060; x_wconf 87' lang='lat' dir='ltr'><strong>quibusdam</strong></span> <span class='ocrx_word' id='word_1_162' title='bbox 905 1983 996 2061; x_wconf 89' lang='lat' dir='ltr'><strong>picra,</strong></span> <span class='ocrx_word' id='word_1_163' title='bbox 1015 1982 1085 2060; x_wconf 88' lang='lat' dir='ltr'><strong>quia</strong></span> <span class='ocrx_word' id='word_1_164' title='bbox 1104 1999 1206 2042; x_wconf 91' lang='lat' dir='ltr'><strong>amara</strong></span> <span class='ocrx_word' id='word_1_165' title='bbox 1218 1994 1242 2035; x_wconf 80' lang='lat' dir='ltr'><strong>ao</strong></span> 
     </span>
     <span class='ocr_line' id='line_1_22' title="bbox 189 2069 1207 2153; baseline -0.003 -20"><span class='ocrx_word' id='word_1_166' title='bbox 189 2080 243 2153; x_wconf 91' lang='lat' dir='ltr'><strong>est,</strong></span> <span class='ocrx_word' id='word_1_167' title='bbox 268 2089 283 2132; x_wconf 90' lang='lat' dir='ltr'><strong>a</strong></span> <span class='ocrx_word' id='word_1_168' title='bbox 307 2071 485 2152; x_wconf 89' lang='lat' dir='ltr'><strong>quibusdam</strong></span> <span class='ocrx_word' id='word_1_169' title='bbox 508 2071 555 2132; x_wconf 92' lang='lat' dir='ltr'><strong>dia</strong></span> <span class='ocrx_word' id='word_1_170' title='bbox 579 2069 803 2149; x_wconf 81' lang='lat' dir='ltr'><strong>colocynthidos</strong></span> <span class='ocrx_word' id='word_1_171' title='bbox 823 2101 863 2112; x_wconf 91' lang='lat'><em>-</em></span> <span class='ocrx_word' id='word_1_172' title='bbox 883 2069 1015 2150; x_wconf 89' lang='lat' dir='ltr'><strong>alteram,</strong></span> <span class='ocrx_word' id='word_1_173' title='bbox 1037 2069 1117 2148; x_wconf 91' lang='lat' dir='ltr'><strong>quod</strong></span> <span class='ocrx_word' id='word_1_174' title='bbox 1136 2070 1207 2131; x_wconf 92' lang='lat' dir='ltr'><strong>ideo</strong></span> 
     </span>
     <span class='ocr_line' id='line_1_23' title="bbox 188 2158 1208 2242; baseline -0.001 -21"><span class='ocrx_word' id='word_1_175' title='bbox 188 2160 317 2221; x_wconf 90' lang='lat' dir='ltr'><strong>inditum</strong></span> <span class='ocrx_word' id='word_1_176' title='bbox 341 2169 395 2242; x_wconf 85' lang='lat' dir='ltr'><strong>est,</strong></span> <span class='ocrx_word' id='word_1_177' title='bbox 419 2179 478 2239; x_wconf 85' lang='lat' dir='ltr'><strong>quo</strong></span> <span class='ocrx_word' id='word_1_178' title='bbox 497 2161 591 2238; x_wconf 82' lang='lat' dir='ltr'><strong>magis</strong></span> <span class='ocrx_word' id='word_1_179' title='bbox 610 2158 666 2219; x_wconf 93' lang='lat' dir='ltr'><strong>sub</strong></span> <span class='ocrx_word' id='word_1_180' title='bbox 686 2165 766 2219; x_wconf 90' lang='lat' dir='ltr'><strong>tanta</strong></span> <span class='ocrx_word' id='word_1_181' title='bbox 786 2159 885 2238; x_wconf 89' lang='lat' dir='ltr'><strong>specie</strong></span> <span class='ocrx_word' id='word_1_182' title='bbox 904 2159 1033 2219; x_wconf 91' lang='lat' dir='ltr'><strong>nominis</strong></span> <span class='ocrx_word' id='word_1_183' title='bbox 1053 2176 1208 2220; x_wconf 88' lang='lat' dir='ltr'><strong>commen·</strong></span> 
     </span>
     <span class='ocr_line' id='line_1_24' title="bbox 190 2245 1210 2326; baseline 0 -18"><span class='ocrx_word' id='word_1_184' title='bbox 190 2248 274 2309; x_wconf 93' lang='lat' dir='ltr'><strong>daret</strong></span> <span class='ocrx_word' id='word_1_185' title='bbox 301 2248 559 2308; x_wconf 87' lang='lat' dir='ltr'><strong>medicamentum.</strong></span> <span class='ocrx_word' id='word_1_186' title='bbox 605 2247 663 2308; x_wconf 91' lang='lat' dir='ltr'><strong>Sed</strong></span> <span class='ocrx_word' id='word_1_187' title='bbox 693 2249 718 2308; x_wconf 84' lang='lat' dir='ltr'><strong>si</strong></span> <span class='ocrx_word' id='word_1_188' title='bbox 745 2247 833 2326; x_wconf 82' lang='lat' dir='ltr'><strong>longo</strong></span> <span class='ocrx_word' id='word_1_189' title='bbox 862 2265 898 2307; x_wconf 86' lang='lat' dir='ltr'><strong>ex</strong></span> <span class='ocrx_word' id='word_1_190' title='bbox 925 2245 1080 2308; x_wconf 90' lang='lat' dir='ltr'><strong>intervallo</strong></span> <span class='ocrx_word' id='word_1_191' title='bbox 1104 2265 1210 2308; x_wconf 90' lang='lat' dir='ltr'><strong>acces·</strong></span> 
     </span>
     <span class='ocr_line' id='line_1_25' title="bbox 191 2334 1211 2418; baseline 0.001 -22"><span class='ocrx_word' id='word_1_192' title='bbox 191 2335 326 2396; x_wconf 86' lang='lat' dir='ltr'><strong>sionibus</strong></span> <span class='ocrx_word' id='word_1_193' title='bbox 345 2354 435 2415; x_wconf 92' lang='lat' dir='ltr'><strong>supra</strong></span> <span class='ocrx_word' id='word_1_194' title='bbox 454 2338 583 2417; x_wconf 88' lang='lat' dir='ltr'><strong>scriptis,</strong></span> <span class='ocrx_word' id='word_1_195' title='bbox 607 2335 716 2416; x_wconf 90' lang='lat' dir='ltr'><strong>quibus</strong></span> <span class='ocrx_word' id='word_1_196' title='bbox 735 2334 913 2396; x_wconf 90' lang='lat' dir='ltr'><strong>medendum</strong></span> <span class='ocrx_word' id='word_1_197' title='bbox 933 2344 987 2416; x_wconf 92' lang='lat' dir='ltr'><strong>est,</strong></span> <span class='ocrx_word' id='word_1_198' title='bbox 1006 2334 1211 2418; x_wconf 84' lang='lat' dir='ltr'><strong>vexabuntur,</strong></span> 
     </span>
     <span class='ocr_line' id='line_1_26' title="bbox 189 2423 1254 2504; baseline -0.004 -20"><span class='ocrx_word' id='word_1_199' title='bbox 189 2427 220 2484; x_wconf 94' lang='lat' dir='ltr'><strong>in</strong></span> <span class='ocrx_word' id='word_1_200' title='bbox 244 2425 420 2484; x_wconf 90' lang='lat' dir='ltr'><strong>remissione</strong></span> <span class='ocrx_word' id='word_1_201' title='bbox 444 2442 546 2484; x_wconf 90' lang='lat' dir='ltr'><strong>earum</strong></span> <span class='ocrx_word' id='word_1_202' title='bbox 575 2432 605 2485; x_wconf 94' lang='lat' dir='ltr'><strong>et</strong></span> <span class='ocrx_word' id='word_1_203' title='bbox 631 2427 663 2485; x_wconf 94' lang='lat' dir='ltr'><strong>in</strong></span> <span class='ocrx_word' id='word_1_204' title='bbox 686 2425 742 2485; x_wconf 88' lang='lat' dir='ltr'><strong>aiio</strong></span> <span class='ocrx_word' id='word_1_205' title='bbox 766 2431 854 2503; x_wconf 87' lang='lat' dir='ltr'><strong>atque</strong></span> <span class='ocrx_word' id='word_1_206' title='bbox 879 2423 935 2484; x_wconf 93' lang='lat' dir='ltr'><strong>alio</strong></span> <span class='ocrx_word' id='word_1_207' title='bbox 959 2424 1060 2485; x_wconf 94' lang='lat' dir='ltr'><strong>dolore</strong></span> <span class='ocrx_word' id='word_1_208' title='bbox 1085 2427 1211 2504; x_wconf 90' lang='lat' dir='ltr'><strong>saepius</strong></span> <span class='ocrx_word' id='word_1_209' title='bbox 1226 2440 1254 2481; x_wconf 83' lang='lat' dir='ltr'><strong>ss</strong></span> 
     </span>
     <span class='ocr_line' id='line_1_27' title="bbox 191 2512 1211 2595; baseline 0.003 -22"><span class='ocrx_word' id='word_1_210' title='bbox 191 2512 320 2573; x_wconf 89' lang='lat' dir='ltr'><strong>dandum</strong></span> <span class='ocrx_word' id='word_1_211' title='bbox 344 2514 401 2572; x_wconf 89' lang='lat' dir='ltr'><strong>erit</strong></span> <span class='ocrx_word' id='word_1_212' title='bbox 423 2513 685 2595; x_wconf 82' lang='lat' dir='ltr'><strong>medicamentum3</strong></span> <span class='ocrx_word' id='word_1_213' title='bbox 713 2515 754 2574; x_wconf 91' lang='lat' dir='ltr'><strong>ita</strong></span> <span class='ocrx_word' id='word_1_214' title='bbox 782 2515 860 2574; x_wconf 91' lang='lat' dir='ltr'><strong>enim</strong></span> <span class='ocrx_word' id='word_1_215' title='bbox 889 2522 939 2574; x_wconf 92' lang='lat' dir='ltr'><strong>aut</strong></span> <span class='ocrx_word' id='word_1_216' title='bbox 962 2531 999 2574; x_wconf 86' lang='lat' dir='ltr'><strong>ex</strong></span> <span class='ocrx_word' id='word_1_217' title='bbox 1022 2520 1085 2573; x_wconf 90' lang='lat' dir='ltr'><strong>toto</strong></span> <span class='ocrx_word' id='word_1_218' title='bbox 1109 2531 1211 2576; x_wconf 89' lang='lat' dir='ltr'><strong>reme-</strong></span> 
     </span>
     <span class='ocr_line' id='line_1_28' title="bbox 191 2600 1212 2680; baseline 0 -18"><span class='ocrx_word' id='word_1_219' title='bbox 191 2600 321 2662; x_wconf 90' lang='lat' dir='ltr'><strong>diabitur</strong></span> <span class='ocrx_word' id='word_1_220' title='bbox 344 2607 396 2661; x_wconf 91' lang='lat' dir='ltr'><strong>aut</strong></span> <span class='ocrx_word' id='word_1_221' title='bbox 418 2610 500 2662; x_wconf 89' lang='lat' dir='ltr'><strong>certe</strong></span> <span class='ocrx_word' id='word_1_222' title='bbox 522 2603 675 2663; x_wconf 90' lang='lat' dir='ltr'><strong>minuetur</strong></span> <span class='ocrx_word' id='word_1_223' title='bbox 695 2605 824 2680; x_wconf 90' lang='lat' dir='ltr'><strong>impetus</strong></span> <span class='ocrx_word' id='word_1_224' title='bbox 843 2603 983 2662; x_wconf 89' lang='lat' dir='ltr'><strong>vitiorum</strong></span> <span class='ocrx_word' id='word_1_225' title='bbox 1002 2609 1032 2662; x_wconf 91' lang='lat' dir='ltr'><strong>et</strong></span> <span class='ocrx_word' id='word_1_226' title='bbox 1051 2600 1212 2664; x_wconf 89' lang='lat' dir='ltr'><strong>sedabitur</strong></span> 
     </span>
     <span class='ocr_line' id='line_1_29' title="bbox 190 2688 1212 2769; baseline 0.001 -18"><span class='ocrx_word' id='word_1_227' title='bbox 190 2688 403 2768; x_wconf 84' lang='lat' dir='ltr'><strong>intervallaque</strong></span> <span class='ocrx_word' id='word_1_228' title='bbox 427 2692 538 2750; x_wconf 91' lang='lat' dir='ltr'><strong>maiora</strong></span> <span class='ocrx_word' id='word_1_229' title='bbox 557 2692 691 2768; x_wconf 86' lang='lat' dir='ltr'><strong>accipiet.</strong></span> <span class='ocrx_word' id='word_1_230' title='bbox 724 2690 794 2750; x_wconf 84' lang='lat' dir='ltr'><strong>Dari</strong></span> <span class='ocrx_word' id='word_1_231' title='bbox 812 2698 911 2752; x_wconf 91' lang='lat' dir='ltr'><strong>autem</strong></span> <span class='ocrx_word' id='word_1_232' title='bbox 930 2689 1080 2769; x_wconf 89' lang='lat' dir='ltr'><strong>oportebit</strong></span> <span class='ocrx_word' id='word_1_233' title='bbox 1098 2708 1212 2752; x_wconf 89' lang='lat' dir='ltr'><strong>secun·</strong></span> 
     </span>
     <span class='ocr_line' id='line_1_30' title="bbox 191 2777 1212 2860; baseline 0.001 -20"><span class='ocrx_word' id='word_1_234' title='bbox 191 2779 260 2840; x_wconf 90' lang='lat' dir='ltr'><strong>dum</strong></span> <span class='ocrx_word' id='word_1_235' title='bbox 289 2779 496 2858; x_wconf 83' lang='lat' dir='ltr'><strong>purgationem</strong></span> <span class='ocrx_word' id='word_1_236' title='bbox 524 2777 605 2860; x_wconf 90' lang='lat' dir='ltr'><strong>hilis,</strong></span> <span class='ocrx_word' id='word_1_237' title='bbox 633 2797 700 2838; x_wconf 91' lang='lat' dir='ltr'><strong>nam</strong></span> <span class='ocrx_word' id='word_1_238' title='bbox 728 2778 820 2840; x_wconf 80' lang='lat' dir='ltr'><strong>fellita</strong></span> <span class='ocrx_word' id='word_1_239' title='bbox 847 2787 877 2840; x_wconf 89' lang='lat' dir='ltr'><strong>et</strong></span> <span class='ocrx_word' id='word_1_240' title='bbox 901 2797 1040 2858; x_wconf 90' lang='lat' dir='ltr'><strong>spumosa</strong></span> <span class='ocrx_word' id='word_1_241' title='bbox 1063 2785 1094 2838; x_wconf 89' lang='lat' dir='ltr'><strong>et</strong></span> <span class='ocrx_word' id='word_1_242' title='bbox 1117 2778 1212 2858; x_wconf 87' lang='lat' dir='ltr'><strong>gluti·</strong></span> 
     </span>
     <span class='ocr_line' id='line_1_31' title="bbox 191 2867 1257 2947; baseline 0 -18"><span class='ocrx_word' id='word_1_243' title='bbox 191 2886 263 2929; x_wconf 93' lang='lat' dir='ltr'><strong>nosa</strong></span> <span class='ocrx_word' id='word_1_244' title='bbox 292 2867 425 2928; x_wconf 89' lang='lat' dir='ltr'><strong>deiciunt</strong></span> <span class='ocrx_word' id='word_1_245' title='bbox 452 2869 504 2946; x_wconf 91' lang='lat' dir='ltr'><strong>qui</strong></span> <span class='ocrx_word' id='word_1_246' title='bbox 532 2869 714 2947; x_wconf 89' lang='lat' dir='ltr'><strong>acceperint,</strong></span> <span class='ocrx_word' id='word_1_247' title='bbox 743 2885 812 2928; x_wconf 88' lang='lat' dir='ltr'><strong>cum</strong></span> <span class='ocrx_word' id='word_1_248' title='bbox 835 2870 969 2947; x_wconf 89' lang='lat' dir='ltr'><strong>ptisanae</strong></span> <span class='ocrx_word' id='word_1_249' title='bbox 992 2885 1128 2928; x_wconf 89' lang='lat' dir='ltr'><strong>cremore</strong></span> <span class='ocrx_word' id='word_1_250' title='bbox 1154 2877 1257 2930; x_wconf 77' lang='lat' dir='ltr'><strong>anteo</strong></span> 
     </span>
     <span class='ocr_line' id='line_1_32' title="bbox 192 2955 1118 3035; baseline -0.001 -18"><span class='ocrx_word' id='word_1_251' title='bbox 192 2975 260 3018; x_wconf 90' lang='lat' dir='ltr'><strong>oum</strong></span> <span class='ocrx_word' id='word_1_252' title='bbox 283 2955 385 3017; x_wconf 91' lang='lat' dir='ltr'><strong>holere</strong></span> <span class='ocrx_word' id='word_1_253' title='bbox 408 2955 466 3016; x_wconf 88' lang='lat' dir='ltr'><strong>levi</strong></span> <span class='ocrx_word' id='word_1_254' title='bbox 489 2975 525 3016; x_wconf 86' lang='lat' dir='ltr'><strong>ex</strong></span> <span class='ocrx_word' id='word_1_255' title='bbox 548 2958 645 3017; x_wconf 89' lang='lat' dir='ltr'><strong>urtica</strong></span> <span class='ocrx_word' id='word_1_256' title='bbox 668 2964 698 3016; x_wconf 89' lang='lat' dir='ltr'><strong>et</strong></span> <span class='ocrx_word' id='word_1_257' title='bbox 721 2955 838 3035; x_wconf 93' lang='lat' dir='ltr'><strong>lapatho</strong></span> <span class='ocrx_word' id='word_1_258' title='bbox 863 2965 893 3017; x_wconf 90' lang='lat' dir='ltr'><strong>et</strong></span> <span class='ocrx_word' id='word_1_259' title='bbox 916 2956 1008 3016; x_wconf 90' lang='lat' dir='ltr'><strong>malva</strong></span> <span class='ocrx_word' id='word_1_260' title='bbox 1031 2956 1118 3016; x_wconf 84' lang='lat' dir='ltr'><strong>iacto.</strong></span> 
     </span>
    </p>

    <p class='ocr_par' dir='ltr' id='par_1_5' title="bbox 155 3043 1214 3305">
     <span class='ocr_line' id='line_1_33' title="bbox 155 3043 1211 3125; baseline -0.001 -18"><span class='ocrx_word' id='word_1_261' title='bbox 155 3059 173 3107; x_wconf 85' lang='lat'>4</span> <span class='ocrx_word' id='word_1_262' title='bbox 280 3044 364 3106; x_wconf 90' lang='lat' dir='ltr'><strong>Facit</strong></span> <span class='ocrx_word' id='word_1_263' title='bbox 391 3043 466 3105; x_wconf 88' lang='lat' dir='ltr'><strong>bene</strong></span> <span class='ocrx_word' id='word_1_264' title='bbox 494 3045 567 3106; x_wconf 90' lang='lat' dir='ltr'><strong>hacc</strong></span> <span class='ocrx_word' id='word_1_265' title='bbox 595 3046 771 3125; x_wconf 89' lang='lat' dir='ltr'><strong>compositio</strong></span> <span class='ocrx_word' id='word_1_266' title='bbox 799 3053 829 3106; x_wconf 90' lang='lat' dir='ltr'><strong>et</strong></span> <span class='ocrx_word' id='word_1_267' title='bbox 855 3046 891 3106; x_wconf 93' lang='lat' dir='ltr'><strong>ad</strong></span> <span class='ocrx_word' id='word_1_268' title='bbox 921 3046 1082 3123; x_wconf 90' lang='lat' dir='ltr'><strong>suspirium</strong></span> <span class='ocrx_word' id='word_1_269' title='bbox 1114 3053 1145 3105; x_wconf 94' lang='lat' dir='ltr'><strong>et</strong></span> <span class='ocrx_word' id='word_1_270' title='bbox 1172 3045 1211 3106; x_wconf 92' lang='lat' dir='ltr'><strong>ad</strong></span> 
     </span>
     <span class='ocr_line' id='line_1_34' title="bbox 191 3133 1214 3212; baseline -0.001 -16"><span class='ocrx_word' id='word_1_271' title='bbox 191 3137 273 3196; x_wconf 90' lang='lat' dir='ltr'><strong>vocis</strong></span> <span class='ocrx_word' id='word_1_272' title='bbox 296 3133 492 3196; x_wconf 90' lang='lat' dir='ltr'><strong>abscisionem</strong></span> <span class='ocrx_word' id='word_1_273' title='bbox 517 3143 547 3196; x_wconf 94' lang='lat' dir='ltr'><strong>et</strong></span> <span class='ocrx_word' id='word_1_274' title='bbox 570 3134 606 3194; x_wconf 91' lang='lat' dir='ltr'><strong>ad</strong></span> <span class='ocrx_word' id='word_1_275' title='bbox 629 3133 743 3195; x_wconf 90' lang='lat' dir='ltr'><strong>subitas</strong></span> <span class='ocrx_word' id='word_1_276' title='bbox 761 3134 997 3212; x_wconf 81' lang='lat' dir='ltr'><strong>praefocationes</strong></span> <span class='ocrx_word' id='word_1_277' title='bbox 1016 3151 1052 3193; x_wconf 81' lang='lat' dir='ltr'><strong>ex</strong></span> <span class='ocrx_word' id='word_1_278' title='bbox 1072 3133 1214 3212; x_wconf 88' lang='lat' dir='ltr'><strong>qualibet</strong></span> 
     </span>
     <span class='ocr_line' id='line_1_35' title="bbox 191 3220 1213 3305; baseline -0.001 -20"><span class='ocrx_word' id='word_1_279' title='bbox 191 3242 280 3286; x_wconf 91' lang='lat' dir='ltr'><strong>causa</strong></span> <span class='ocrx_word' id='word_1_280' title='bbox 299 3231 378 3285; x_wconf 91' lang='lat' dir='ltr'><strong>ortas</strong></span> <span class='ocrx_word' id='word_1_281' title='bbox 397 3222 482 3285; x_wconf 90' lang='lat' dir='ltr'><strong>etad</strong></span> <span class='ocrx_word' id='word_1_282' title='bbox 501 3241 562 3305; x_wconf 91' lang='lat' dir='ltr'><strong>eos,</strong></span> <span class='ocrx_word' id='word_1_283' title='bbox 582 3225 634 3303; x_wconf 91' lang='lat' dir='ltr'><strong>qui</strong></span> <span class='ocrx_word' id='word_1_284' title='bbox 652 3240 739 3303; x_wconf 89' lang='lat' dir='ltr'><strong>saepe</strong></span> <span class='ocrx_word' id='word_1_285' title='bbox 758 3223 928 3282; x_wconf 83' lang='lat' dir='ltr'><strong>existimant</strong></span> <span class='ocrx_word' id='word_1_286' title='bbox 947 3239 978 3282; x_wconf 90' lang='lat' dir='ltr'><strong>se</strong></span> <span class='ocrx_word' id='word_1_287' title='bbox 998 3220 1034 3281; x_wconf 94' lang='lat' dir='ltr'><strong>ab</strong></span> <span class='ocrx_word' id='word_1_288' title='bbox 1053 3221 1213 3284; x_wconf 92' lang='lat' dir='ltr'><strong>incubone</strong></span> 
     </span>
    </p>
   </div>
   <div class='ocr_carea' id='block_1_3' title="bbox 192 3424 1214 3569">
    <p class='ocr_par' dir='ltr' id='par_1_6' title="bbox 192 3424 1214 3569">
     <span class='ocr_line' id='line_1_36' title="bbox 282 3424 1214 3497; baseline 0 -13"><span class='ocrx_word' id='word_1_289' title='bbox 282 3437 315 3485; x_wconf 81' lang='lat'><strong>21</strong></span> <span class='ocrx_word' id='word_1_290' title='bbox 339 3431 421 3486; x_wconf 68' lang='lat' dir='ltr'><strong>cuba</strong></span> <span class='ocrx_word' id='word_1_291' title='bbox 443 3429 517 3497; x_wconf 86' lang='lat' dir='ltr'><strong>quod</strong></span> <span class='ocrx_word' id='word_1_292' title='bbox 540 3429 604 3483; x_wconf 89' lang='lat' dir='ltr'><strong>ideo</strong></span> <span class='ocrx_word' id='word_1_293' title='bbox 626 3427 748 3481; x_wconf 87' lang='lat' dir='ltr'><strong>inditum</strong></span> <span class='ocrx_word' id='word_1_294' title='bbox 767 3427 823 3492; x_wconf 84' lang='lat' dir='ltr'><strong>eet,</strong></span> <span class='ocrx_word' id='word_1_295' title='bbox 846 3441 916 3493; x_wconf 75' lang='lat' dir='ltr'><strong>quoe</strong></span> <span class='ocrx_word' id='word_1_296' title='bbox 934 3443 951 3478; x_wconf 87' lang='lat' dir='ltr'><strong>a</strong></span> <span class='ocrx_word' id='word_1_297' title='bbox 1028 3424 1214 3484; x_wconf 79' lang='lat' dir='ltr'><strong>Scribonium</strong></span> 
     </span>
     <span class='ocr_line' id='line_1_37' title="bbox 192 3495 1088 3569; baseline -0.004 -15"><span class='ocrx_word' id='word_1_298' title='bbox 192 3501 299 3569; x_wconf 78' lang='lat' dir='ltr'><strong>deserat,</strong></span> <span class='ocrx_word' id='word_1_299' title='bbox 317 3501 432 3558; x_wconf 77' lang='lat' dir='ltr'><strong>delenda</strong></span> <span class='ocrx_word' id='word_1_300' title='bbox 450 3501 584 3556; x_wconf 73' lang='lat' dir='ltr'><strong>uidentem.</strong></span> <span class='ocrx_word' id='word_1_301' title='bbox 658 3504 692 3553; x_wconf 80' lang='lat'><strong>33</strong></span> <span class='ocrx_word' id='word_1_302' title='bbox 710 3495 910 3552; x_wconf 76' lang='lat' dir='ltr'><strong>abscissionem</strong></span> <span class='ocrx_word' id='word_1_303' title='bbox 951 3496 1088 3550; x_wconf 73' lang='lat' dir='ltr'><strong>canorius</strong></span> 
     </span>
    </p>
   </div>
   <div class='ocr_carea' id='block_1_4' title="bbox 0 0 1286 3802">
    <p class='ocr_par' dir='ltr' id='par_1_7' title="bbox 0 0 1286 3802">
     <span class='ocr_line' id='line_1_38' title="bbox 0 0 1286 3802; baseline 0 0"><span class='ocrx_word' id='word_1_304' title='bbox 0 0 1286 3802; x_wconf 95' lang='lat' dir='ltr'><strong> </strong></span> 
     </span>
    </p>
   </div>
  </div>
 </body>
</html>
