2636 3790
567 99 788 162 „72-

172 260 355 341 ponderibus
379 259 519 322 miscebis
543 268 683 339 teresque
702 259 859 339 diligenter
883 269 913 321 et
936 261 1030 322 donec
1055 279 1190 342 spumam

173 368 231 410 non
260 349 369 410 faciant
394 367 489 428 neque
514 357 664 428 crescant,
693 349 727 408 ad
752 351 850 428 ignem
874 349 987 410 lentum
1011 350 1135 428 agitabis
1158 353 1188 410 in

173 456 241 498 vaso
262 457 349 498 aereo
368 437 468 517 ibique
488 438 614 499 tamdiu
635 455 700 498 esse
717 440 847 518 patieris,
863 437 957 500 donec
973 439 1189 518 refrigerentur

173 535 260 606 atque
290 529 454 608 siccentnr3
483 545 557 605 quae
586 534 689 606 postea
718 526 753 586 ad
777 530 952 588 mortarium
976 528 1188 589 nitidissimum

173 615 335 676 transferes
364 623 453 694 atque
481 615 541 676 illic
564 617 674 676 iterum
698 633 734 675 ex
757 617 825 676 vino
848 623 948 677 vetere
972 619 1083 696 optimo
1108 624 1216 678 terese

173 711 231 764 tarn
252 703 311 786 diu,
331 723 487 784 quousque
507 706 671 784 siccentur3
694 703 731 764 de
751 703 859 782 quibus
878 706 1031 784 pulverem
1050 708 1189 766 tenuissi-

172 811 254 852 mum
290 794 400 854 lactum
431 795 508 854 intra
537 793 673 872 pyxidem
703 811 820 854 aeream
849 794 958 855 condes
986 813 1081 873 eoque
1109 794 1190 855 velut

119 895 153 944 75
173 881 271 962 stibio,
295 901 363 942 cum
388 881 526 963 volueris,
550 883 653 942 uteris.
690 879 927 962 Xerocollyrium
950 885 1096 962 optimum
1120 901 1188 943 con·

172 970 273 1032 ficitur
296 973 353 1031 sic:
376 970 496 1048 Lapidis
520 969 640 1050 Phrygii
661 1002 698 1014 -
720 969 754 1051 ll,
778 973 860 1032 croci
879 1005 921 1014 —
940 971 962 1050 l,
986 971 1055 1032 salis
1079 989 1188 1031 ammo·

172 1061 250 1119 niaoi
269 1051 363 1145 211,
387 1059 450 1119 lolii
468 1051 508 1144 70·
528 1057 562 1138 ll,
582 1061 659 1120 aeris
680 1061 740 1120 usti
759 1051 798 1146 2·
818 1058 881 1140 llll,
899 1061 1011 1138 piperis
1031 1059 1090 1120 albi
1109 1051 1148 1145 ῼσ
1165 1057 1188 1140 1,
1203 1077 1230 1116 to

173 1149 270 1206 omnia
295 1165 429 1209 seorsum
453 1147 619 1208 diutissime
643 1155 673 1207 et
696 1147 922 1226 diligentissime
946 1156 1038 1230 teres,
1067 1155 1100 1209 ut
1123 1147 1187 1226 pul·

172 1253 272 1294 rerem
303 1236 511 1296 tenuissimum
538 1235 641 1315 iacias,
671 1254 759 1314 quem
785 1239 965 1315 permixtum
989 1236 1133 1298 recondes
1157 1238 1189 1296 in

173 1322 281 1384 doliola
304 1325 407 1404 vitreo,
432 1332 461 1383 et
484 1341 552 1384 cum
572 1322 700 1404 volueris
719 1323 851 1402 pulvere,
865 1326 930 1403 ipso
950 1333 1040 1404 prout
1060 1324 1188 1386 volueris

120 1424 152 1473 πθ
172 1413 275 1472 uteris.
322 1410 557 1492 Xerocollyrium
590 1415 734 1490 optimum
769 1421 798 1474 et
826 1412 861 1473 ad
889 1415 973 1474 initia
1001 1413 1188 1493 lippitudinis

171 1499 330 1579 probatum
353 1491 470 1560 constat
494 1519 529 1563 ex
553 1500 613 1561 his:
642 1500 729 1560 Croci
754 1495 793 1588 ,Q
817 1500 856 1582 11,
885 1502 1064 1563 sarcocollae
1089 1495 1129 1588 70·
1153 1501 1188 1583 ll,
1204 1520 1230 1560 15

173 1588 252 1650 aloes
276 1587 435 1667 epatitidos
455 1581 494 1674 ,ᾖ
514 1587 535 1668 l,
559 1588 657 1666 glauci
676 1581 715 1675 ,ᾖ
735 1588 757 1650 l.
794 1589 886 1650 Tereo
909 1590 983 1651 baec
1007 1593 1105 1651 omnia
1125 1590 1188 1652 dili·
1280 1609 1281 1612 ’

172 1685 277 1756 genter
296 1686 326 1738 et
344 1676 497 1756 pulverem
516 1679 726 1738 tenuissimum
744 1679 776 1738 in
795 1678 900 1758 pyxide
922 1698 1029 1759 cyprea
1043 1680 1188 1741 recondes
1280 1703 1281 1728 1

172 1774 201 1827 et
221 1785 289 1827 oum
308 1785 384 1844 opus
404 1766 502 1849 luerit,
523 1772 553 1826 et
571 1767 650 1826 intra
667 1765 770 1826 oculos
787 1775 817 1827 et
831 1767 867 1826 ad
883 1767 1111 1846 superlinendos
1126 1776 1188 1830 ute·

120 1867 153 1916 'tt
173 1857 223 1915 ris.
248 1854 352 1934 Capilli
372 1854 532 1916 muliebres
553 1873 643 1934 super
662 1862 768 1916 testam
789 1855 929 1917 conbusti
947 1864 977 1918 et
997 1875 1064 1918 cum
1085 1876 1188 1936 spuma
1280 1885 1281 1892 ¹

172 1945 288 2022 argenti
312 1945 434 2004 contriti
457 1952 545 2023 atque
571 1943 605 2003 ad
630 1961 775 2004 summam
799 1943 946 2006 levitatem
973 1946 1086 2006 redacti
1104 1965 1188 2006 xero·
1203 1963 1230 2002 ao

171 2031 349 2111 pbtbalmias
371 2040 401 2093 et
415 2033 753 2112 pruriginesoeulorum
769 2033 930 2094 efficaciter
946 2041 1060 2113 sanant,
1079 2036 1105 2093 si
1119 2034 1189 2094 inde

120 2132 152 2182 '18
172 2123 363 2198 inungantur.
401 2120 443 2180 ad
464 2120 618 2200 caliginem
636 2120 809 2181 abolendam
824 2121 861 2182 de
876 2123 1078 2200 experimento
1093 2125 1188 2183 uteris

171 2208 228 2269 hoo
248 2209 394 2269 remedio:
415 2207 511 2270 Salem
531 2211 747 2270 ammoniacum
765 2219 902 2270 exustum
918 2219 980 2270 tere
996 2217 1026 2270 et
1040 2213 1188 2289 permisce

172 2315 241 2358 cnm
265 2296 336 2356 lotio
359 2299 445 2374 pueri
469 2299 591 2357 investis
616 2304 703 2376 atque
725 2298 794 2359 inde
815 2298 936 2359 adsidue
956 2298 1058 2360 oculos
1077 2301 1187 2378 inunge

121 2398 153 2446 ⁷9
174 2384 220 2444 vel
238 2383 398 2464 superline.
435 2383 604 2446 Naturalem
625 2404 730 2446 sucum
745 2389 925 2466 argimoniae
940 2395 970 2447 et
985 2405 1090 2448 sucum
1106 2389 1187 2450 mile·
1203 2407 1229 2447 25

172 2471 234 2533 lolii
259 2480 288 2533 et
312 2491 417 2534 sucum
437 2473 634 2555 arnoglossae,
657 2475 687 2534 id
708 2484 753 2536 est
772 2474 958 2556 plantaginis,
982 2475 1103 2555 colliges
1123 2477 1187 2538 dili·

172 2569 276 2641 genter
309 2579 342 2621 ac
375 2561 468 2622 nitide
497 2563 613 2642 aequali
640 2582 779 2624 mensura
808 2573 838 2624 et
866 2563 902 2624 de
934 2583 1005 2625 suco
1036 2564 1188 2648 marrubii,

172 2658 270 2730 rutae,
301 2649 436 2732 serpulli,
465 2651 593 2712 eulorbii
616 2655 765 2731 exprimas
793 2671 847 2732 per
875 2652 998 2714 linteum
1029 2653 1188 2716 delicatum

172 2747 202 2800 et
221 2738 398 2799 admiscebis
418 2731 458 2826 β
477 2739 564 2801 binos
582 2741 688 2820 bisque
708 2741 819 2801 adicies
842 2741 938 2802 mellis
958 2745 1061 2820 optimi
1080 2742 1187 2822 despu-

171 2829 243 2888 mati
266 2827 372 2889 libram
394 2846 482 2890 unam
502 2838 590 2909 atque
611 2831 708 2890 omnia
728 2828 815 2890 simul
835 2830 885 2891 diu
905 2839 1056 2911 conteres,
1080 2831 1187 2893 deinde
1202 2850 1230 2891 so

171 2918 280 2978 iterum
308 2915 419 2977 colabis
447 2920 531 2980 tenui
558 2917 650 2979 linteo
674 2927 704 2978 et
726 2918 872 2978 recondes
895 2921 926 2979 in
950 2919 1068 2980 vasculo
1092 2921 1187 2982 vitreo

171 3013 259 3084 atque
285 3007 391 3086 uteris,
415 3025 483 3067 cum
507 3025 582 3086 opus
606 3007 709 3087 fuerit,
733 3006 768 3067 ad
793 3007 1007 3068 suffundendos
1030 3015 1060 3068 et
1083 3027 1188 3088 super·

171 3093 307 3154 linendos
335 3093 437 3155 oculos
466 3095 591 3174 caligine
619 3094 799 3175 laborantes,
834 3094 942 3175 quibus
970 3096 1026 3156 boc
1055 3098 1188 3159 remedio
1280 3085 1281 3102 ¹

117 3194 151 3244 80
171 3185 230 3244 cito
260 3185 353 3244 aciem
382 3185 582 3245 acutissimam
613 3183 728 3244 reddes.
774 3183 884 3245 Malvae
913 3203 1003 3246 sucus
1027 3203 1188 3264 expressus
1280 3215 1281 3256 ᾗ

241 3325 257 3374 2
276 3319 362 3374 lenis.
432 3325 448 3373 4
467 3318 609 3374 mortario.
675 3325 690 3374 'l
710 3319 822 3389 pyxide.
887 3325 903 3374 9
922 3317 1008 3390 frigii.
1074 3326 1107 3374 14
1125 3323 1185 3378 uie-
1280 3329 1281 3334 ’

169 3391 207 3444 ris
226 3407 276 3446 om.
369 3396 402 3445 16
421 3389 542 3472 constat]
559 3391 667 3472 contro.
761 3396 794 3446 16
813 3391 967 3462 opititidos.
1053 3397 1088 3447 20
1106 3409 1185 3450 xero-

169 3461 331 3530 pthalmies.
406 3467 440 3515 21
459 3477 624 3532 prougmes.
