<?xml version="1.0" encoding="UTF-8"?>
<!DOCTYPE html PUBLIC "-//W3C//DTD XHTML 1.0 Transitional//EN"
    "http://www.w3.org/TR/xhtml1/DTD/xhtml1-transitional.dtd">
<html xmlns="http://www.w3.org/1999/xhtml" xml:lang="en" lang="en">
 <head>
  <title>
</title>
<meta http-equiv="Content-Type" content="text/html;charset=utf-8" />
  <meta name='ocr-system' content='tesseract 3.04.00' />
  <meta name='ocr-capabilities' content='ocr_page ocr_carea ocr_par ocr_line ocrx_word'/>
</head>
<body>
  <div class='ocr_page' id='page_1' title='image "./marcellidemedic02helmgoog_0333.png"; bbox 0 0 2528 3814; ppageno 0'>
   <div class='ocr_carea' id='block_1_1' title="bbox 481 143 748 207">
    <p class='ocr_par' dir='ltr' id='par_1_1' title="bbox 481 143 748 207">
     <span class='ocr_line' id='line_1_1' title="bbox 481 143 748 207; baseline -0.004 0"><span class='ocrx_word' id='word_1_1' title='bbox 481 143 748 207; x_wconf 19' lang='lat' dir='ltr'><strong>-321-w</strong></span> 
     </span>
    </p>
   </div>
   <div class='ocr_carea' id='block_1_2' title="bbox 10 303 1162 3043">
    <p class='ocr_par' dir='ltr' id='par_1_2' title="bbox 10 303 1162 3043">
     <span class='ocr_line' id='line_1_2' title="bbox 97 303 1108 385; baseline 0.003 -21"><span class='ocrx_word' id='word_1_2' title='bbox 97 303 227 384; x_wconf 90' lang='lat' dir='ltr'><strong>pondera</strong></span> <span class='ocrx_word' id='word_1_3' title='bbox 254 311 285 364; x_wconf 91' lang='lat' dir='ltr'><strong>et</strong></span> <span class='ocrx_word' id='word_1_4' title='bbox 306 305 382 364; x_wconf 90' lang='grc'><strong>11331</strong></span> <span class='ocrx_word' id='word_1_5' title='bbox 405 303 544 385; x_wconf 77' lang='grc'><strong>13333111,</strong></span> <span class='ocrx_word' id='word_1_6' title='bbox 567 305 619 382; x_wconf 91' lang='lat' dir='ltr'><strong>qui</strong></span> <span class='ocrx_word' id='word_1_7' title='bbox 642 303 778 364; x_wconf 88' lang='lat' dir='ltr'><strong>similiter</strong></span> <span class='ocrx_word' id='word_1_8' title='bbox 801 304 836 364; x_wconf 92' lang='lat' dir='ltr'><strong>ad</strong></span> <span class='ocrx_word' id='word_1_9' title='bbox 860 303 1017 366; x_wconf 83' lang='lat' dir='ltr'><strong>laxandum</strong></span> <span class='ocrx_word' id='word_1_10' title='bbox 1039 325 1108 367; x_wconf 90' lang='lat' dir='ltr'><strong>vcn-</strong></span> 
     </span>
     <span class='ocr_line' id='line_1_3' title="bbox 97 391 1160 470; baseline 0.004 -18"><span class='ocrx_word' id='word_1_11' title='bbox 97 401 173 453; x_wconf 91' lang='lat' dir='ltr'><strong>trem</strong></span> <span class='ocrx_word' id='word_1_12' title='bbox 189 410 244 452; x_wconf 91' lang='lat' dir='ltr'><strong>ano</strong></span> <span class='ocrx_word' id='word_1_13' title='bbox 258 394 431 453; x_wconf 81' lang='lat' dir='ltr'><strong>iniciuntur.</strong></span> <span class='ocrx_word' id='word_1_14' title='bbox 461 391 557 453; x_wconf 90' lang='lat' dir='ltr'><strong>Sucus</strong></span> <span class='ocrx_word' id='word_1_15' title='bbox 572 391 704 453; x_wconf 82' lang='lat' dir='ltr'>hastulae</span> <span class='ocrx_word' id='word_1_16' title='bbox 718 393 817 470; x_wconf 80' lang='lat' dir='ltr'><strong>regiae</strong></span> <span class='ocrx_word' id='word_1_17' title='bbox 832 393 980 454; x_wconf 86' lang='lat' dir='ltr'><strong>admixtus</strong></span> <span class='ocrx_word' id='word_1_18' title='bbox 994 394 1105 456; x_wconf 87' lang='grc'><strong>1331333</strong></span> <span class='ocrx_word' id='word_1_19' title='bbox 1125 409 1160 457; x_wconf 78' lang='grc'><strong>33</strong></span> 
     </span>
     <span class='ocr_line' id='line_1_4' title="bbox 96 479 1107 562; baseline 0.002 -20"><span class='ocrx_word' id='word_1_20' title='bbox 96 500 133 542; x_wconf 82' lang='lat' dir='ltr'><strong>ex</strong></span> <span class='ocrx_word' id='word_1_21' title='bbox 156 483 270 562; x_wconf 89' lang='lat' dir='ltr'><strong>tritico,</strong></span> <span class='ocrx_word' id='word_1_22' title='bbox 296 481 402 542; x_wconf 90' lang='lat' dir='ltr'><strong>deinde</strong></span> <span class='ocrx_word' id='word_1_23' title='bbox 427 480 567 542; x_wconf 89' lang='lat' dir='ltr'><strong>subactus</strong></span> <span class='ocrx_word' id='word_1_24' title='bbox 591 483 622 541; x_wconf 93' lang='grc'><strong>13</strong></span> <span class='ocrx_word' id='word_1_25' title='bbox 645 483 729 560; x_wconf 88' lang='grc'><strong>33313</strong></span> <span class='ocrx_word' id='word_1_26' title='bbox 753 479 874 541; x_wconf 93' lang='lat' dir='ltr'><strong>modum</strong></span> <span class='ocrx_word' id='word_1_27' title='bbox 897 489 927 542; x_wconf 92' lang='lat' dir='ltr'><strong>et</strong></span> <span class='ocrx_word' id='word_1_28' title='bbox 949 490 1053 544; x_wconf 90' lang='lat' dir='ltr'><strong>coctus</strong></span> <span class='ocrx_word' id='word_1_29' title='bbox 1076 487 1107 544; x_wconf 92' lang='lat' dir='ltr'><strong>iu</strong></span> 
     </span>
     <span class='ocr_line' id='line_1_5' title="bbox 96 569 1159 652; baseline 0.005 -22"><span class='ocrx_word' id='word_1_30' title='bbox 96 571 184 630; x_wconf 88' lang='lat' dir='ltr'><strong>furno</strong></span> <span class='ocrx_word' id='word_1_31' title='bbox 213 579 300 648; x_wconf 90' lang='lat' dir='ltr'><strong>atque</strong></span> <span class='ocrx_word' id='word_1_32' title='bbox 328 572 393 630; x_wconf 86' lang='lat' dir='ltr'><strong>esui</strong></span> <span class='ocrx_word' id='word_1_33' title='bbox 420 569 506 631; x_wconf 87' lang='lat' dir='ltr'><strong>datus</strong></span> <span class='ocrx_word' id='word_1_34' title='bbox 534 577 641 649; x_wconf 85' lang='lat' dir='ltr'><strong>purgat</strong></span> <span class='ocrx_word' id='word_1_35' title='bbox 667 569 743 630; x_wconf 89' lang='lat' dir='ltr'><strong>hene</strong></span> <span class='ocrx_word' id='word_1_36' title='bbox 772 577 914 632; x_wconf 84' lang='lat' dir='ltr'><strong>ventrem.</strong></span> <span class='ocrx_word' id='word_1_37' title='bbox 956 569 1107 652; x_wconf 86' lang='lat' dir='ltr'><strong>Epithymi</strong></span> <span class='ocrx_word' id='word_1_38' title='bbox 1126 586 1159 635; x_wconf 86' lang='grc'><strong>33</strong></span> 
     </span>
     <span class='ocr_line' id='line_1_6' title="bbox 68 657 1106 742; baseline 0.003 -24"><span class='ocrx_word' id='word_1_39' title='bbox 68 658 122 718; x_wconf 73' lang='grc'><strong>311</strong></span> <span class='ocrx_word' id='word_1_40' title='bbox 141 657 200 738; x_wconf 93' lang='lat' dir='ltr'><strong>Vll,</strong></span> <span class='ocrx_word' id='word_1_41' title='bbox 223 658 292 718; x_wconf 88' lang='lat' dir='ltr'><strong>salis</strong></span> <span class='ocrx_word' id='word_1_42' title='bbox 311 657 336 717; x_wconf 82' lang='grc'><strong>11</strong></span> <span class='ocrx_word' id='word_1_43' title='bbox 355 657 378 717; x_wconf 93' lang='lat' dir='ltr'>V</span> <span class='ocrx_word' id='word_1_44' title='bbox 402 660 433 719; x_wconf 94' lang='lat' dir='ltr'><strong>in</strong></span> <span class='ocrx_word' id='word_1_45' title='bbox 457 675 532 738; x_wconf 89' lang='lat' dir='ltr'><strong>aqua</strong></span> <span class='ocrx_word' id='word_1_46' title='bbox 555 658 649 718; x_wconf 91' lang='lat' dir='ltr'><strong>mulsa</strong></span> <span class='ocrx_word' id='word_1_47' title='bbox 670 660 696 718; x_wconf 92' lang='lat' dir='ltr'><strong>si</strong></span> <span class='ocrx_word' id='word_1_48' title='bbox 714 659 799 738; x_wconf 87' lang='lat' dir='ltr'><strong>potui</strong></span> <span class='ocrx_word' id='word_1_49' title='bbox 818 657 945 742; x_wconf 88' lang='lat' dir='ltr'><strong>dederis,</strong></span> <span class='ocrx_word' id='word_1_50' title='bbox 968 661 1106 739; x_wconf 81' lang='lat' dir='ltr'><strong>pituitam</strong></span> 
     </span>
     <span class='ocr_line' id='line_1_7' title="bbox 96 746 787 826; baseline 0.001 -19"><span class='ocrx_word' id='word_1_51' title='bbox 96 755 126 808; x_wconf 89' lang='lat' dir='ltr'><strong>et</strong></span> <span class='ocrx_word' id='word_1_52' title='bbox 149 746 238 807; x_wconf 91' lang='lat' dir='ltr'><strong>bilem</strong></span> <span class='ocrx_word' id='word_1_53' title='bbox 262 765 380 807; x_wconf 90' lang='lat' dir='ltr'><strong>omnem</strong></span> <span class='ocrx_word' id='word_1_54' title='bbox 403 765 457 826; x_wconf 93' lang='lat' dir='ltr'><strong>per</strong></span> <span class='ocrx_word' id='word_1_55' title='bbox 480 754 615 808; x_wconf 89' lang='lat' dir='ltr'><strong>ventrem</strong></span> <span class='ocrx_word' id='word_1_56' title='bbox 640 747 787 808; x_wconf 81' lang='lat' dir='ltr'><strong>detrahes.</strong></span> 
     </span>
     <span class='ocr_line' id='line_1_8' title="bbox 184 835 1162 916; baseline 0.004 -22"><span class='ocrx_word' id='word_1_57' title='bbox 184 835 340 914; x_wconf 82' lang='lat' dir='ltr'><strong>Agaricum</strong></span> <span class='ocrx_word' id='word_1_58' title='bbox 360 835 489 896; x_wconf 88' lang='lat' dir='ltr'><strong>detrahit</strong></span> <span class='ocrx_word' id='word_1_59' title='bbox 506 855 561 915; x_wconf 90' lang='lat' dir='ltr'><strong>per</strong></span> <span class='ocrx_word' id='word_1_60' title='bbox 579 843 713 896; x_wconf 88' lang='lat' dir='ltr'><strong>ventrem</strong></span> <span class='ocrx_word' id='word_1_61' title='bbox 732 837 862 914; x_wconf 91' lang='lat' dir='ltr'><strong>spissum</strong></span> <span class='ocrx_word' id='word_1_62' title='bbox 883 843 913 896; x_wconf 91' lang='lat' dir='ltr'><strong>et</strong></span> <span class='ocrx_word' id='word_1_63' title='bbox 932 843 1107 916; x_wconf 91' lang='lat' dir='ltr'><strong>corruptum</strong></span> <span class='ocrx_word' id='word_1_64' title='bbox 1126 851 1162 899; x_wconf 82' lang='lat'><strong>34</strong></span> 
     </span>
     <span class='ocr_line' id='line_1_9' title="bbox 10 923 1107 1005; baseline 0.002 -21"><span class='ocrx_word' id='word_1_65' title='bbox 10 937 11 998; x_wconf 61' lang='lat' dir='ltr'><em>g</em></span> <span class='ocrx_word' id='word_1_66' title='bbox 97 943 239 1005; x_wconf 89' lang='lat' dir='ltr'><strong>umorem,</strong></span> <span class='ocrx_word' id='word_1_67' title='bbox 263 927 348 985; x_wconf 90' lang='lat' dir='ltr'><strong>culus</strong></span> <span class='ocrx_word' id='word_1_68' title='bbox 372 932 406 984; x_wconf 89' lang='lat' dir='ltr'><strong>ut</strong></span> <span class='ocrx_word' id='word_1_69' title='bbox 428 924 590 1002; x_wconf 90' lang='lat' dir='ltr'><strong>plurimum</strong></span> <span class='ocrx_word' id='word_1_70' title='bbox 611 924 719 984; x_wconf 92' lang='lat' dir='ltr'><strong>dantur</strong></span> <span class='ocrx_word' id='word_1_71' title='bbox 738 924 853 984; x_wconf 89' lang='lat' dir='ltr'><strong>denarii</strong></span> <span class='ocrx_word' id='word_1_72' title='bbox 871 923 930 985; x_wconf 90' lang='lat' dir='ltr'><strong>duo</strong></span> <span class='ocrx_word' id='word_1_73' title='bbox 950 943 1019 986; x_wconf 94' lang='lat' dir='ltr'><strong>cum</strong></span> <span class='ocrx_word' id='word_1_74' title='bbox 1038 925 1107 986; x_wconf 89' lang='lat' dir='ltr'><strong>salis</strong></span> 
     </span>
     <span class='ocr_line' id='line_1_10' title="bbox 10 1011 1106 1092; baseline 0.001 -19"><span class='ocrx_word' id='word_1_75' title='bbox 10 1043 11 1092; x_wconf 62' lang='lat'>3</span> <span class='ocrx_word' id='word_1_76' title='bbox 95 1013 224 1073; x_wconf 91' lang='lat' dir='ltr'><strong>denariis</strong></span> <span class='ocrx_word' id='word_1_77' title='bbox 248 1013 364 1074; x_wconf 92' lang='lat' dir='ltr'><strong>duohus</strong></span> <span class='ocrx_word' id='word_1_78' title='bbox 388 1013 510 1091; x_wconf 91' lang='lat' dir='ltr'><strong>potandi</strong></span> <span class='ocrx_word' id='word_1_79' title='bbox 533 1031 569 1073; x_wconf 84' lang='lat' dir='ltr'><strong>ex</strong></span> <span class='ocrx_word' id='word_1_80' title='bbox 587 1012 700 1073; x_wconf 92' lang='lat' dir='ltr'><strong>mulsae</strong></span> <span class='ocrx_word' id='word_1_81' title='bbox 719 1012 822 1091; x_wconf 85' lang='lat' dir='ltr'><strong>gluttis</strong></span> <span class='ocrx_word' id='word_1_82' title='bbox 841 1011 873 1072; x_wconf 92' lang='lat' dir='ltr'><strong>V.</strong></span> <span class='ocrx_word' id='word_1_83' title='bbox 909 1013 1030 1074; x_wconf 90' lang='lat' dir='ltr'><strong>Minime</strong></span> <span class='ocrx_word' id='word_1_84' title='bbox 1049 1013 1106 1074; x_wconf 93' lang='lat' dir='ltr'><strong>hoc</strong></span> 
     </span>
     <span class='ocr_line' id='line_1_11' title="bbox 10 1101 1107 1204; baseline 0 -42"><span class='ocrx_word' id='word_1_85' title='bbox 10 1121 12 1204; x_wconf 71' lang='lat'>[</span> <span class='ocrx_word' id='word_1_86' title='bbox 55 1125 81 1162; x_wconf 89' lang='lat'><strong>10</strong></span> <span class='ocrx_word' id='word_1_87' title='bbox 96 1101 262 1162; x_wconf 87' lang='lat' dir='ltr'><strong>remedium</strong></span> <span class='ocrx_word' id='word_1_88' title='bbox 295 1101 479 1162; x_wconf 91' lang='lat' dir='ltr'><strong>stomachum</strong></span> <span class='ocrx_word' id='word_1_89' title='bbox 511 1101 600 1164; x_wconf 90' lang='lat' dir='ltr'><strong>laedit</strong></span> <span class='ocrx_word' id='word_1_90' title='bbox 628 1119 805 1181; x_wconf 88' lang='lat' dir='ltr'><strong>omnemque</strong></span> <span class='ocrx_word' id='word_1_91' title='bbox 837 1111 945 1181; x_wconf 85' lang='lat' dir='ltr'><strong>purgat</strong></span> <span class='ocrx_word' id='word_1_92' title='bbox 972 1121 1107 1163; x_wconf 91' lang='lat' dir='ltr'><strong>umorem</strong></span> 
     </span>
     <span class='ocr_line' id='line_1_12' title="bbox 95 1191 1106 1269; baseline 0.002 -19.845"><span class='ocrx_word' id='word_1_93' title='bbox 95 1208 192 1268; x_wconf 90' lang='lat' dir='ltr'><strong>neque</strong></span> <span class='ocrx_word' id='word_1_94' title='bbox 222 1191 396 1268; x_wconf 82' lang='lat' dir='ltr'><strong>sanguinem</strong></span> <span class='ocrx_word' id='word_1_95' title='bbox 425 1193 590 1269; x_wconf 85' lang='lat' dir='ltr'><strong>corrumpit</strong></span> <span class='ocrx_word' id='word_1_96' title='bbox 617 1209 672 1250; x_wconf 91' lang='lat' dir='ltr'><strong>nec</strong></span> <span class='ocrx_word' id='word_1_97' title='bbox 701 1193 726 1250; x_wconf 92' lang='grc'><strong>31</strong></span> <span class='ocrx_word' id='word_1_98' title='bbox 755 1208 830 1269; x_wconf 92' lang='lat' dir='ltr'><strong>quae</strong></span> <span class='ocrx_word' id='word_1_99' title='bbox 856 1197 957 1269; x_wconf 89' lang='lat' dir='ltr'><strong>partes</strong></span> <span class='ocrx_word' id='word_1_100' title='bbox 980 1193 1106 1252; x_wconf 88' lang='lat' dir='ltr'><strong>interius</strong></span> 
     </span>
     <span class='ocr_line' id='line_1_13' title="bbox 10 1273 1106 1364; baseline 0.002 -26"><span class='ocrx_word' id='word_1_101' title='bbox 10 1273 11 1364; x_wconf 74' lang='lat' dir='ltr'><strong>l</strong></span> <span class='ocrx_word' id='word_1_102' title='bbox 95 1286 224 1358; x_wconf 87' lang='lat' dir='ltr'><strong>tument,</strong></span> <span class='ocrx_word' id='word_1_103' title='bbox 248 1279 411 1359; x_wconf 83' lang='lat' dir='ltr'><strong>exulcerat,</strong></span> <span class='ocrx_word' id='word_1_104' title='bbox 435 1297 538 1340; x_wconf 89' lang='lat' dir='ltr'><strong>varum</strong></span> <span class='ocrx_word' id='word_1_105' title='bbox 562 1281 651 1340; x_wconf 90' lang='lat' dir='ltr'><strong>etiam</strong></span> <span class='ocrx_word' id='word_1_106' title='bbox 674 1278 805 1360; x_wconf 72' lang='lat' dir='ltr'><strong>adiuvat,</strong></span> <span class='ocrx_word' id='word_1_107' title='bbox 833 1278 956 1357; x_wconf 89' lang='lat' dir='ltr'><strong>prodest</strong></span> <span class='ocrx_word' id='word_1_108' title='bbox 984 1288 1014 1340; x_wconf 90' lang='grc'><strong>31</strong></span> <span class='ocrx_word' id='word_1_109' title='bbox 1036 1282 1106 1340; x_wconf 91' lang='lat' dir='ltr'><strong>ioci-</strong></span> 
     </span>
     <span class='ocr_line' id='line_1_14' title="bbox 10 1363 1106 1449; baseline 0.004 -23"><span class='ocrx_word' id='word_1_110' title='bbox 10 1371 11 1386; x_wconf 61' lang='lat'><em>*</em></span> <span class='ocrx_word' id='word_1_111' title='bbox 95 1369 176 1427; x_wconf 90' lang='lat' dir='ltr'><strong>neris</strong></span> <span class='ocrx_word' id='word_1_112' title='bbox 203 1367 370 1428; x_wconf 90' lang='lat' dir='ltr'><strong>tumoribus</strong></span> <span class='ocrx_word' id='word_1_113' title='bbox 398 1375 428 1428; x_wconf 91' lang='lat' dir='ltr'><strong>et</strong></span> <span class='ocrx_word' id='word_1_114' title='bbox 455 1386 529 1447; x_wconf 91' lang='lat' dir='ltr'><strong>quos</strong></span> <span class='ocrx_word' id='word_1_115' title='bbox 558 1367 662 1429; x_wconf 89' lang='lat' dir='ltr'><strong>Graeci</strong></span> <span class='ocrx_word' id='word_1_116' title='bbox 693 1363 975 1448; x_wconf 76' lang='grc' dir='ltr'><strong><em>περιπλευμονικοὺς</em></strong></span> <span class='ocrx_word' id='word_1_117' title='bbox 1006 1367 1106 1449; x_wconf 89' lang='grc'><strong>33331-</strong></span> 
     </span>
     <span class='ocr_line' id='line_1_15' title="bbox 10 1455 1159 1538; baseline 0.003 -22"><span class='ocrx_word' id='word_1_118' title='bbox 10 1465 11 1516; x_wconf 76' lang='lat'>1</span> <span class='ocrx_word' id='word_1_119' title='bbox 94 1455 165 1515; x_wconf 93' lang='lat' dir='ltr'><strong>lant.</strong></span> <span class='ocrx_word' id='word_1_120' title='bbox 202 1455 385 1538; x_wconf 78' lang='lat' dir='ltr'><strong>CucumeriS,</strong></span> <span class='ocrx_word' id='word_1_121' title='bbox 410 1474 468 1536; x_wconf 92' lang='lat' dir='ltr'><strong>quo</strong></span> <span class='ocrx_word' id='word_1_122' title='bbox 492 1459 647 1537; x_wconf 88' lang='lat' dir='ltr'><strong>vescimur,</strong></span> <span class='ocrx_word' id='word_1_123' title='bbox 672 1458 794 1516; x_wconf 89' lang='lat' dir='ltr'><strong>seminis</strong></span> <span class='ocrx_word' id='word_1_124' title='bbox 817 1457 941 1535; x_wconf 79' lang='lat' dir='ltr'><strong>cyathus</strong></span> <span class='ocrx_word' id='word_1_125' title='bbox 964 1458 1054 1517; x_wconf 91' lang='lat' dir='ltr'><strong>tritus</strong></span> <span class='ocrx_word' id='word_1_126' title='bbox 1075 1465 1105 1517; x_wconf 88' lang='lat' dir='ltr'><strong>et</strong></span> <span class='ocrx_word' id='word_1_127' title='bbox 1124 1471 1159 1521; x_wconf 85' lang='lat'><strong>35</strong></span> 
     </span>
     <span class='ocr_line' id='line_1_16' title="bbox 53 1543 1106 1623; baseline 0.001 -19"><span class='ocrx_word' id='word_1_128' title='bbox 53 1565 80 1606; x_wconf 83' lang='lat'><strong>15</strong></span> <span class='ocrx_word' id='word_1_129' title='bbox 95 1561 206 1603; x_wconf 91' lang='lat' dir='ltr'><strong>nucum</strong></span> <span class='ocrx_word' id='word_1_130' title='bbox 230 1545 385 1622; x_wconf 88' lang='lat' dir='ltr'><strong>pinearum</strong></span> <span class='ocrx_word' id='word_1_131' title='bbox 406 1553 597 1622; x_wconf 87' lang='lat' dir='ltr'><strong>purgatarum</strong></span> <span class='ocrx_word' id='word_1_132' title='bbox 617 1544 741 1623; x_wconf 80' lang='lat' dir='ltr'><strong>cyathus</strong></span> <span class='ocrx_word' id='word_1_133' title='bbox 760 1546 907 1604; x_wconf 89' lang='lat' dir='ltr'><strong>contritus</strong></span> <span class='ocrx_word' id='word_1_134' title='bbox 927 1551 957 1604; x_wconf 90' lang='grc'><strong>31</strong></span> <span class='ocrx_word' id='word_1_135' title='bbox 976 1543 1018 1604; x_wconf 88' lang='grc'><strong>331</strong></span> <span class='ocrx_word' id='word_1_136' title='bbox 1037 1563 1106 1605; x_wconf 94' lang='lat' dir='ltr'><strong>cum</strong></span> 
     </span>
     <span class='ocr_line' id='line_1_17' title="bbox 94 1631 1106 1712; baseline 0.002 -21"><span class='ocrx_word' id='word_1_137' title='bbox 94 1631 181 1691; x_wconf 90' lang='lat' dir='ltr'><strong>melle</strong></span> <span class='ocrx_word' id='word_1_138' title='bbox 205 1632 304 1712; x_wconf 91' lang='lat' dir='ltr'><strong>tritus,</strong></span> <span class='ocrx_word' id='word_1_139' title='bbox 327 1634 358 1692; x_wconf 93' lang='lat' dir='ltr'><strong>in</strong></span> <span class='ocrx_word' id='word_1_140' title='bbox 381 1650 474 1692; x_wconf 92' lang='lat' dir='ltr'><strong>unum</strong></span> <span class='ocrx_word' id='word_1_141' title='bbox 497 1634 587 1693; x_wconf 84' lang='lat' dir='ltr'><strong>mixta</strong></span> <span class='ocrx_word' id='word_1_142' title='bbox 610 1632 683 1693; x_wconf 90' lang='lat' dir='ltr'><strong>haec</strong></span> <span class='ocrx_word' id='word_1_143' title='bbox 703 1631 821 1692; x_wconf 90' lang='lat' dir='ltr'><strong>solvunt</strong></span> <span class='ocrx_word' id='word_1_144' title='bbox 842 1639 983 1712; x_wconf 89' lang='lat' dir='ltr'><strong>ventrem,</strong></span> <span class='ocrx_word' id='word_1_145' title='bbox 1007 1631 1106 1693; x_wconf 87' lang='lat' dir='ltr'><strong>febres</strong></span> 
     </span>
     <span class='ocr_line' id='line_1_18' title="bbox 95 1719 1106 1802; baseline 0.001 -22"><span class='ocrx_word' id='word_1_146' title='bbox 95 1738 213 1799; x_wconf 90' lang='lat' dir='ltr'><strong>quoque</strong></span> <span class='ocrx_word' id='word_1_147' title='bbox 241 1719 431 1780; x_wconf 88' lang='lat' dir='ltr'><strong>advenientes</strong></span> <span class='ocrx_word' id='word_1_148' title='bbox 462 1721 645 1802; x_wconf 91' lang='lat' dir='ltr'><strong>inminuunt,</strong></span> <span class='ocrx_word' id='word_1_149' title='bbox 673 1738 791 1780; x_wconf 88' lang='lat' dir='ltr'><strong>morsus</strong></span> <span class='ocrx_word' id='word_1_150' title='bbox 820 1719 964 1780; x_wconf 86' lang='lat' dir='ltr'><strong>stomachi</strong></span> <span class='ocrx_word' id='word_1_151' title='bbox 993 1720 1106 1800; x_wconf 88' lang='lat' dir='ltr'><strong>sedant,</strong></span> 
     </span>
     <span class='ocr_line' id='line_1_19' title="bbox 95 1807 690 1887; baseline 0.002 -19"><span class='ocrx_word' id='word_1_152' title='bbox 95 1827 179 1870; x_wconf 90' lang='lat' dir='ltr'><strong>acres</strong></span> <span class='ocrx_word' id='word_1_153' title='bbox 202 1807 334 1886; x_wconf 88' lang='lat' dir='ltr'><strong>liquores</strong></span> <span class='ocrx_word' id='word_1_154' title='bbox 357 1807 492 1887; x_wconf 87' lang='lat' dir='ltr'><strong>bilesque</strong></span> <span class='ocrx_word' id='word_1_155' title='bbox 515 1811 690 1887; x_wconf 91' lang='lat' dir='ltr'><strong>reprimunt.</strong></span> 
     </span>
     <span class='ocr_line' id='line_1_20' title="bbox 184 1896 1159 1978; baseline 0.006 -22"><span class='ocrx_word' id='word_1_156' title='bbox 184 1897 267 1976; x_wconf 84' lang='lat' dir='ltr'><strong>Aqua</strong></span> <span class='ocrx_word' id='word_1_157' title='bbox 291 1896 384 1957; x_wconf 90' lang='lat' dir='ltr'><strong>mulsa</strong></span> <span class='ocrx_word' id='word_1_158' title='bbox 408 1915 445 1957; x_wconf 80' lang='lat' dir='ltr'><strong>en</strong></span> <span class='ocrx_word' id='word_1_159' title='bbox 467 1896 553 1956; x_wconf 91' lang='lat' dir='ltr'><strong>mello</strong></span> <span class='ocrx_word' id='word_1_160' title='bbox 575 1897 668 1958; x_wconf 89' lang='lat' dir='ltr'><strong>crudo</strong></span> <span class='ocrx_word' id='word_1_161' title='bbox 686 1903 755 1976; x_wconf 93' lang='lat' dir='ltr'><strong>pota</strong></span> <span class='ocrx_word' id='word_1_162' title='bbox 774 1903 907 1957; x_wconf 89' lang='lat' dir='ltr'><strong>ventrem</strong></span> <span class='ocrx_word' id='word_1_163' title='bbox 927 1903 1033 1978; x_wconf 90' lang='lat' dir='ltr'><strong>movet,</strong></span> <span class='ocrx_word' id='word_1_164' title='bbox 1058 1915 1106 1958; x_wconf 83' lang='lat' dir='ltr'><strong>cx·</strong></span> <span class='ocrx_word' id='word_1_165' title='bbox 1125 1915 1159 1964; x_wconf 85' lang='lat'><strong>36</strong></span> 
     </span>
     <span class='ocr_line' id='line_1_21' title="bbox 52 1985 1107 2066; baseline 0.001 -19"><span class='ocrx_word' id='word_1_166' title='bbox 52 2007 81 2047; x_wconf 77' lang='lat' dir='ltr'><strong>so</strong></span> <span class='ocrx_word' id='word_1_167' title='bbox 96 1992 198 2046; x_wconf 89' lang='lat' dir='ltr'><strong>tenuat</strong></span> <span class='ocrx_word' id='word_1_168' title='bbox 225 1985 384 2066; x_wconf 84' lang='lat' dir='ltr'><strong>glutinosa,</strong></span> <span class='ocrx_word' id='word_1_169' title='bbox 412 1985 481 2046; x_wconf 88' lang='lat' dir='ltr'><strong>lieni</strong></span> <span class='ocrx_word' id='word_1_170' title='bbox 510 1985 645 2066; x_wconf 82' lang='lat' dir='ltr'><strong>prodest3</strong></span> <span class='ocrx_word' id='word_1_171' title='bbox 673 1985 775 2046; x_wconf 89' lang='lat' dir='ltr'><strong>eadem</strong></span> <span class='ocrx_word' id='word_1_172' title='bbox 803 1986 953 2045; x_wconf 91' lang='lat' dir='ltr'><strong>intestinis</strong></span> <span class='ocrx_word' id='word_1_173' title='bbox 975 1995 1107 2065; x_wconf 84' lang='lat' dir='ltr'><strong>praestat</strong></span> 
     </span>
     <span class='ocr_line' id='line_1_22' title="bbox 95 2073 1105 2154; baseline 0 -20"><span class='ocrx_word' id='word_1_174' title='bbox 95 2073 260 2135; x_wconf 89' lang='lat' dir='ltr'><strong>remedium</strong></span> <span class='ocrx_word' id='word_1_175' title='bbox 283 2081 313 2134; x_wconf 93' lang='grc'><strong>31</strong></span> <span class='ocrx_word' id='word_1_176' title='bbox 337 2075 427 2154; x_wconf 85' lang='lat' dir='ltr'><strong>venis,</strong></span> <span class='ocrx_word' id='word_1_177' title='bbox 451 2092 526 2153; x_wconf 90' lang='lat' dir='ltr'><strong>quae</strong></span> <span class='ocrx_word' id='word_1_178' title='bbox 551 2076 674 2134; x_wconf 92' lang='lat' dir='ltr'><strong>suntin</strong></span> <span class='ocrx_word' id='word_1_179' title='bbox 697 2075 832 2152; x_wconf 81' lang='lat' dir='ltr'><strong>proximo</strong></span> <span class='ocrx_word' id='word_1_180' title='bbox 856 2075 935 2134; x_wconf 90' lang='lat' dir='ltr'><strong>circa</strong></span> <span class='ocrx_word' id='word_1_181' title='bbox 956 2075 1105 2154; x_wconf 89' lang='lat' dir='ltr'><strong>intestina,</strong></span> 
     </span>
     <span class='ocr_line' id='line_1_23' title="bbox 94 2162 1105 2244; baseline -0.002 -20"><span class='ocrx_word' id='word_1_182' title='bbox 94 2162 244 2244; x_wconf 81' lang='lat' dir='ltr'><strong>medetur3</strong></span> <span class='ocrx_word' id='word_1_183' title='bbox 267 2162 398 2242; x_wconf 90' lang='lat' dir='ltr'><strong>liquores</strong></span> <span class='ocrx_word' id='word_1_184' title='bbox 422 2165 520 2243; x_wconf 91' lang='lat' dir='ltr'><strong>etiam,</strong></span> <span class='ocrx_word' id='word_1_185' title='bbox 543 2165 595 2242; x_wconf 88' lang='lat' dir='ltr'><strong>qui</strong></span> <span class='ocrx_word' id='word_1_186' title='bbox 617 2163 751 2242; x_wconf 91' lang='lat' dir='ltr'><strong>pulmoni</strong></span> <span class='ocrx_word' id='word_1_187' title='bbox 775 2162 909 2222; x_wconf 92' lang='lat' dir='ltr'><strong>insidunt</strong></span> <span class='ocrx_word' id='word_1_188' title='bbox 932 2170 962 2223; x_wconf 91' lang='grc'><strong>31</strong></span> <span class='ocrx_word' id='word_1_189' title='bbox 985 2162 1105 2223; x_wconf 85' lang='lat' dir='ltr'><strong>difficile</strong></span> 
     </span>
     <span class='ocr_line' id='line_1_24' title="bbox 95 2251 1105 2333; baseline 0.002 -23"><span class='ocrx_word' id='word_1_190' title='bbox 95 2259 286 2332; x_wconf 84' lang='lat' dir='ltr'><strong>excreantur,</strong></span> <span class='ocrx_word' id='word_1_191' title='bbox 314 2251 448 2333; x_wconf 72' lang='lat' dir='ltr'><strong>depellit,</strong></span> <span class='ocrx_word' id='word_1_192' title='bbox 476 2252 528 2312; x_wconf 93' lang='lat' dir='ltr'><strong>sed</strong></span> <span class='ocrx_word' id='word_1_193' title='bbox 556 2251 707 2313; x_wconf 91' lang='lat' dir='ltr'><strong>stomacho</strong></span> <span class='ocrx_word' id='word_1_194' title='bbox 736 2253 834 2330; x_wconf 90' lang='lat' dir='ltr'><strong>aptius</strong></span> <span class='ocrx_word' id='word_1_195' title='bbox 863 2257 909 2312; x_wconf 89' lang='lat' dir='ltr'><strong>est</strong></span> <span class='ocrx_word' id='word_1_196' title='bbox 936 2251 994 2311; x_wconf 92' lang='lat' dir='ltr'><strong>mel</strong></span> <span class='ocrx_word' id='word_1_197' title='bbox 1021 2259 1105 2312; x_wconf 89' lang='lat' dir='ltr'><strong>aceto</strong></span> 
     </span>
     <span class='ocr_line' id='line_1_25' title="bbox 94 2339 1105 2422; baseline 0.001 -23"><span class='ocrx_word' id='word_1_198' title='bbox 94 2341 228 2420; x_wconf 83' lang='lat' dir='ltr'><strong>mixtum,</strong></span> <span class='ocrx_word' id='word_1_199' title='bbox 251 2342 350 2402; x_wconf 92' lang='lat' dir='ltr'><strong>minus</strong></span> <span class='ocrx_word' id='word_1_200' title='bbox 373 2342 453 2400; x_wconf 91' lang='lat' dir='ltr'><strong>enim</strong></span> <span class='ocrx_word' id='word_1_201' title='bbox 476 2341 571 2422; x_wconf 75' lang='lat' dir='ltr'><strong>inflat,</strong></span> <span class='ocrx_word' id='word_1_202' title='bbox 595 2341 743 2402; x_wconf 84' lang='lat' dir='ltr'><strong>efficacior</strong></span> <span class='ocrx_word' id='word_1_203' title='bbox 766 2348 812 2400; x_wconf 92' lang='lat' dir='ltr'><strong>est</strong></span> <span class='ocrx_word' id='word_1_204' title='bbox 833 2347 932 2400; x_wconf 89' lang='lat' dir='ltr'><strong>tamen</strong></span> <span class='ocrx_word' id='word_1_205' title='bbox 951 2339 1105 2401; x_wconf 86' lang='lat' dir='ltr'><strong>umoribus</strong></span> 
     </span>
     <span class='ocr_line' id='line_1_26' title="bbox 51 2428 1105 2510; baseline 0.001 -22"><span class='ocrx_word' id='word_1_206' title='bbox 51 2449 79 2490; x_wconf 78' lang='lat' dir='ltr'><strong>aa</strong></span> <span class='ocrx_word' id='word_1_207' title='bbox 94 2447 170 2508; x_wconf 91' lang='lat' dir='ltr'><strong>aqua</strong></span> <span class='ocrx_word' id='word_1_208' title='bbox 197 2429 305 2510; x_wconf 81' lang='lat' dir='ltr'><strong>mulsa3</strong></span> <span class='ocrx_word' id='word_1_209' title='bbox 332 2431 425 2508; x_wconf 85' lang='lat' dir='ltr'><strong>magis</strong></span> <span class='ocrx_word' id='word_1_210' title='bbox 454 2431 533 2490; x_wconf 85' lang='lat' dir='ltr'><strong>enim</strong></span> <span class='ocrx_word' id='word_1_211' title='bbox 561 2437 701 2490; x_wconf 85' lang='lat' dir='ltr'><strong>extenuat</strong></span> <span class='ocrx_word' id='word_1_212' title='bbox 727 2429 860 2508; x_wconf 89' lang='lat' dir='ltr'><strong>liquores</strong></span> <span class='ocrx_word' id='word_1_213' title='bbox 888 2435 918 2488; x_wconf 90' lang='grc'><strong>31</strong></span> <span class='ocrx_word' id='word_1_214' title='bbox 944 2428 1105 2490; x_wconf 90' lang='lat' dir='ltr'><strong>iucundius</strong></span> 
     </span>
     <span class='ocr_line' id='line_1_27' title="bbox 94 2519 232 2579; baseline 0 -1"><span class='ocrx_word' id='word_1_215' title='bbox 94 2519 232 2579; x_wconf 91' lang='lat' dir='ltr'><strong>sumitur.</strong></span> 
     </span>
     <span class='ocr_line' id='line_1_28' title="bbox 183 2605 1157 2685; baseline 0.008 -20"><span class='ocrx_word' id='word_1_216' title='bbox 183 2605 371 2667; x_wconf 73' lang='lat' dir='ltr'><strong>absinthium</strong></span> <span class='ocrx_word' id='word_1_217' title='bbox 399 2614 502 2685; x_wconf 93' lang='lat' dir='ltr'><strong>potum</strong></span> <span class='ocrx_word' id='word_1_218' title='bbox 530 2615 628 2667; x_wconf 91' lang='lat' dir='ltr'><strong>movet</strong></span> <span class='ocrx_word' id='word_1_219' title='bbox 650 2605 740 2667; x_wconf 90' lang='lat' dir='ltr'><strong>bilem</strong></span> <span class='ocrx_word' id='word_1_220' title='bbox 763 2607 889 2666; x_wconf 84' lang='lat' dir='ltr'><strong>maxime</strong></span> <span class='ocrx_word' id='word_1_221' title='bbox 912 2606 1037 2666; x_wconf 88' lang='lat' dir='ltr'><strong>iocineri</strong></span> <span class='ocrx_word' id='word_1_222' title='bbox 1060 2608 1157 2672; x_wconf 78' lang='grc'><strong>13-31</strong></span> 
     </span>
     <span class='ocr_line' id='line_1_29' title="bbox 94 2693 1105 2775; baseline 0.002 -21"><span class='ocrx_word' id='word_1_223' title='bbox 94 2694 254 2774; x_wconf 89' lang='lat' dir='ltr'><strong>sidentem,</strong></span> <span class='ocrx_word' id='word_1_224' title='bbox 280 2702 398 2756; x_wconf 88' lang='lat' dir='ltr'><strong>coctum</strong></span> <span class='ocrx_word' id='word_1_225' title='bbox 422 2693 541 2774; x_wconf 89' lang='lat' dir='ltr'><strong>quidem</strong></span> <span class='ocrx_word' id='word_1_226' title='bbox 565 2713 632 2755; x_wconf 90' lang='lat' dir='ltr'><strong>cum</strong></span> <span class='ocrx_word' id='word_1_227' title='bbox 656 2713 731 2774; x_wconf 90' lang='lat' dir='ltr'><strong>aqua</strong></span> <span class='ocrx_word' id='word_1_228' title='bbox 754 2697 832 2755; x_wconf 89' lang='lat' dir='ltr'><strong>sumi</strong></span> <span class='ocrx_word' id='word_1_229' title='bbox 855 2693 955 2775; x_wconf 80' lang='lat' dir='ltr'><strong>dehet3</strong></span> <span class='ocrx_word' id='word_1_230' title='bbox 983 2703 1105 2756; x_wconf 89' lang='lat' dir='ltr'><strong>namet</strong></span> 
     </span>
     <span class='ocr_line' id='line_1_30' title="bbox 93 2783 1105 2862; baseline 0.002 -20"><span class='ocrx_word' id='word_1_231' title='bbox 93 2801 148 2861; x_wconf 90' lang='lat' dir='ltr'><strong>per</strong></span> <span class='ocrx_word' id='word_1_232' title='bbox 172 2784 289 2843; x_wconf 92' lang='lat' dir='ltr'><strong>urinam</strong></span> <span class='ocrx_word' id='word_1_233' title='bbox 312 2791 342 2843; x_wconf 92' lang='grc'><strong>31</strong></span> <span class='ocrx_word' id='word_1_234' title='bbox 365 2801 418 2862; x_wconf 90' lang='grc'><strong>333</strong></span> <span class='ocrx_word' id='word_1_235' title='bbox 441 2791 575 2844; x_wconf 86' lang='lat' dir='ltr'><strong>ventrem</strong></span> <span class='ocrx_word' id='word_1_236' title='bbox 599 2783 776 2844; x_wconf 89' lang='lat' dir='ltr'><strong>cruditatem</strong></span> <span class='ocrx_word' id='word_1_237' title='bbox 799 2801 917 2844; x_wconf 91' lang='lat' dir='ltr'><strong>omnem</strong></span> <span class='ocrx_word' id='word_1_238' title='bbox 935 2783 1057 2844; x_wconf 88' lang='lat' dir='ltr'><strong>deducit</strong></span> <span class='ocrx_word' id='word_1_239' title='bbox 1075 2792 1105 2844; x_wconf 93' lang='grc'><strong>31</strong></span> 
     </span>
     <span class='ocr_line' id='line_1_31' title="bbox 51 2871 1105 2954; baseline -0.001 -21"><span class='ocrx_word' id='word_1_240' title='bbox 51 2894 79 2934; x_wconf 89' lang='grc'><strong>33</strong></span> <span class='ocrx_word' id='word_1_241' title='bbox 95 2871 246 2932; x_wconf 86' lang='lat' dir='ltr'><strong>stomacho</strong></span> <span class='ocrx_word' id='word_1_242' title='bbox 275 2871 436 2951; x_wconf 92' lang='lat' dir='ltr'><strong>opitulatur</strong></span> <span class='ocrx_word' id='word_1_243' title='bbox 464 2881 494 2932; x_wconf 89' lang='lat' dir='ltr'><strong>et</strong></span> <span class='ocrx_word' id='word_1_244' title='bbox 521 2875 695 2950; x_wconf 84' lang='lat' dir='ltr'><strong>sanguinem</strong></span> <span class='ocrx_word' id='word_1_245' title='bbox 723 2875 848 2954; x_wconf 79' lang='lat' dir='ltr'><strong>spargit3</strong></span> <span class='ocrx_word' id='word_1_246' title='bbox 876 2874 962 2933; x_wconf 90' lang='lat' dir='ltr'><strong>cuius</strong></span> <span class='ocrx_word' id='word_1_247' title='bbox 989 2890 1105 2932; x_wconf 90' lang='lat' dir='ltr'><strong>summa</strong></span> 
     </span>
     <span class='ocr_line' id='line_1_32' title="bbox 94 2959 1104 3043; baseline 0 -23"><span class='ocrx_word' id='word_1_248' title='bbox 94 2963 175 3039; x_wconf 90' lang='lat' dir='ltr'><strong>potio</strong></span> <span class='ocrx_word' id='word_1_249' title='bbox 195 2959 285 3021; x_wconf 75' lang='lat' dir='ltr'><strong>eslii</strong></span> <span class='ocrx_word' id='word_1_250' title='bbox 305 2959 340 3019; x_wconf 93' lang='lat' dir='ltr'><strong>Vl</strong></span> <span class='ocrx_word' id='word_1_251' title='bbox 360 2979 428 3020; x_wconf 92' lang='lat' dir='ltr'><strong>cum</strong></span> <span class='ocrx_word' id='word_1_252' title='bbox 447 2959 515 3020; x_wconf 91' lang='lat' dir='ltr'><strong>salis</strong></span> <span class='ocrx_word' id='word_1_253' title='bbox 538 2959 626 3043; x_wconf 80' lang='lat' dir='ltr'><strong>lilll,</strong></span> <span class='ocrx_word' id='word_1_254' title='bbox 645 2960 740 3022; x_wconf 87' lang='lat' dir='ltr'><strong>mellis</strong></span> <span class='ocrx_word' id='word_1_255' title='bbox 760 2961 864 3041; x_wconf 81' lang='lat' dir='ltr'><strong>cyatho</strong></span> <span class='ocrx_word' id='word_1_256' title='bbox 883 2979 943 3021; x_wconf 95' lang='lat' dir='ltr'><strong>uno</strong></span> <span class='ocrx_word' id='word_1_257' title='bbox 963 2967 993 3021; x_wconf 93' lang='grc'><strong>31</strong></span> <span class='ocrx_word' id='word_1_258' title='bbox 1011 2979 1104 3040; x_wconf 85' lang='lat' dir='ltr'><strong>aquae</strong></span> 
     </span>
    </p>
   </div>
   <div class='ocr_carea' id='block_1_3' title="bbox 95 3048 1104 3198">
    <p class='ocr_par' dir='ltr' id='par_1_3' title="bbox 95 3048 1104 3198">
     <span class='ocr_line' id='line_1_33' title="bbox 95 3048 1104 3130; baseline -0.001 -22"><span class='ocrx_word' id='word_1_259' title='bbox 95 3051 237 3130; x_wconf 73' lang='lat' dir='ltr'><strong>sextario,</strong></span> <span class='ocrx_word' id='word_1_260' title='bbox 262 3049 313 3109; x_wconf 90' lang='lat' dir='ltr'><strong>sed</strong></span> <span class='ocrx_word' id='word_1_261' title='bbox 337 3051 364 3108; x_wconf 89' lang='lat' dir='ltr'><strong>si</strong></span> <span class='ocrx_word' id='word_1_262' title='bbox 386 3051 478 3127; x_wconf 85' lang='lat' dir='ltr'><strong>magis</strong></span> <span class='ocrx_word' id='word_1_263' title='bbox 501 3049 607 3128; x_wconf 91' lang='lat' dir='ltr'><strong>aliquis</strong></span> <span class='ocrx_word' id='word_1_264' title='bbox 631 3049 727 3110; x_wconf 91' lang='lat' dir='ltr'><strong>alvum</strong></span> <span class='ocrx_word' id='word_1_265' title='bbox 752 3053 843 3111; x_wconf 91' lang='lat' dir='ltr'><strong>citare</strong></span> <span class='ocrx_word' id='word_1_266' title='bbox 867 3049 1006 3130; x_wconf 89' lang='lat' dir='ltr'><strong>voluerit,</strong></span> <span class='ocrx_word' id='word_1_267' title='bbox 1035 3048 1104 3109; x_wconf 89' lang='lat' dir='ltr'><strong>salis</strong></span> 
     </span>
     <span class='ocr_line' id='line_1_34' title="bbox 95 3136 496 3198; baseline 0 -1"><span class='ocrx_word' id='word_1_268' title='bbox 95 3137 121 3197; x_wconf 83' lang='grc'><strong>11</strong></span> <span class='ocrx_word' id='word_1_269' title='bbox 140 3136 190 3198; x_wconf 93' lang='lat' dir='ltr'><strong>Vll</strong></span> <span class='ocrx_word' id='word_1_270' title='bbox 213 3137 376 3198; x_wconf 88' lang='lat' dir='ltr'><strong>admiscere</strong></span> <span class='ocrx_word' id='word_1_271' title='bbox 400 3137 496 3198; x_wconf 86' lang='lat' dir='ltr'><strong>debet.</strong></span> 
     </span>
    </p>
   </div>
   <div class='ocr_carea' id='block_1_4' title="bbox 94 3288 1104 3574">
    <p class='ocr_par' dir='ltr' id='par_1_4' title="bbox 94 3288 1104 3574">
     <span class='ocr_line' id='line_1_35' title="bbox 184 3288 1103 3361; baseline -0.002 -17"><span class='ocrx_word' id='word_1_272' title='bbox 184 3291 358 3361; x_wconf 74' lang='grc'><strong>3133313133]</strong></span> <span class='ocrx_word' id='word_1_273' title='bbox 383 3289 463 3344; x_wconf 83' lang='lat' dir='ltr'><strong>astla.</strong></span> <span class='ocrx_word' id='word_1_274' title='bbox 589 3293 701 3359; x_wconf 82' lang='grc'><strong>33313.</strong></span> <span class='ocrx_word' id='word_1_275' title='bbox 820 3295 835 3343; x_wconf 84' lang='grc'>9</span> <span class='ocrx_word' id='word_1_276' title='bbox 859 3289 970 3360; x_wconf 81' lang='lat' dir='ltr'><strong>glottis]</strong></span> <span class='ocrx_word' id='word_1_277' title='bbox 995 3288 1103 3358; x_wconf 84' lang='lat' dir='ltr'><strong>cyathis</strong></span> 
     </span>
     <span class='ocr_line' id='line_1_36' title="bbox 95 3357 1103 3432; baseline -0.002 -16"><span class='ocrx_word' id='word_1_278' title='bbox 95 3360 256 3417; x_wconf 76' lang='lat' dir='ltr'><strong>Carnarius.</strong></span> <span class='ocrx_word' id='word_1_279' title='bbox 337 3362 471 3416; x_wconf 76' lang='lat' dir='ltr'><strong>menimea</strong></span> <span class='ocrx_word' id='word_1_280' title='bbox 549 3366 582 3414; x_wconf 87' lang='lat'><strong>13</strong></span> <span class='ocrx_word' id='word_1_281' title='bbox 602 3365 631 3415; x_wconf 85' lang='lat' dir='ltr'><strong>et</strong></span> <span class='ocrx_word' id='word_1_282' title='bbox 649 3361 732 3432; x_wconf 87' lang='lat' dir='ltr'><strong>quos]</strong></span> <span class='ocrx_word' id='word_1_283' title='bbox 751 3376 829 3428; x_wconf 88' lang='lat' dir='ltr'><strong>quos.</strong></span> <span class='ocrx_word' id='word_1_284' title='bbox 908 3357 1103 3428; x_wconf 81' lang='lat' dir='ltr'><strong>pleumoticos.</strong></span> 
     </span>
     <span class='ocr_line' id='line_1_37' title="bbox 96 3429 1104 3504; baseline 0 -18"><span class='ocrx_word' id='word_1_285' title='bbox 96 3437 129 3486; x_wconf 88' lang='lat' dir='ltr'><strong>1a</strong></span> <span class='ocrx_word' id='word_1_286' title='bbox 148 3433 300 3487; x_wconf 86' lang='lat' dir='ltr'><strong>solvuntur.</strong></span> <span class='ocrx_word' id='word_1_287' title='bbox 374 3437 408 3486; x_wconf 89' lang='lat'><strong>18</strong></span> <span class='ocrx_word' id='word_1_288' title='bbox 428 3432 517 3504; x_wconf 88' lang='lat' dir='ltr'><strong>acres]</strong></span> <span class='ocrx_word' id='word_1_289' title='bbox 538 3433 618 3488; x_wconf 86' lang='lat' dir='ltr'><strong>aeris.</strong></span> <span class='ocrx_word' id='word_1_290' title='bbox 691 3439 725 3488; x_wconf 78' lang='lat'><strong>20</strong></span> <span class='ocrx_word' id='word_1_291' title='bbox 744 3429 908 3501; x_wconf 80' lang='lat' dir='ltr'><strong>gluttinosa.</strong></span> <span class='ocrx_word' id='word_1_292' title='bbox 973 3435 1007 3485; x_wconf 78' lang='lat'><strong>24</strong></span> <span class='ocrx_word' id='word_1_293' title='bbox 1026 3447 1104 3486; x_wconf 86' lang='lat' dir='ltr'><strong>umo-</strong></span> 
     </span>
     <span class='ocr_line' id='line_1_38' title="bbox 94 3501 878 3574; baseline 0.001 -18"><span class='ocrx_word' id='word_1_294' title='bbox 94 3503 169 3556; x_wconf 83' lang='lat' dir='ltr'><strong>ribus</strong></span> <span class='ocrx_word' id='word_1_295' title='bbox 189 3508 237 3557; x_wconf 86' lang='lat' dir='ltr'><strong>1m</strong></span> <span class='ocrx_word' id='word_1_296' title='bbox 255 3503 274 3556; x_wconf 94' lang='lat' dir='ltr'><strong>h</strong></span> <span class='ocrx_word' id='word_1_297' title='bbox 293 3504 356 3560; x_wconf 83' lang='lat' dir='ltr'><strong>odd.</strong></span> <span class='ocrx_word' id='word_1_298' title='bbox 375 3509 427 3560; x_wconf 80' lang='lat' dir='ltr'><strong>2m</strong></span> <span class='ocrx_word' id='word_1_299' title='bbox 444 3520 532 3574; x_wconf 82' lang='lat' dir='ltr'><strong>supra</strong></span> <span class='ocrx_word' id='word_1_300' title='bbox 551 3505 600 3560; x_wconf 81' lang='grc'><strong>113.</strong></span> <span class='ocrx_word' id='word_1_301' title='bbox 673 3508 707 3560; x_wconf 78' lang='lat'><strong>25</strong></span> <span class='ocrx_word' id='word_1_302' title='bbox 726 3501 878 3560; x_wconf 85' lang='lat' dir='ltr'><strong>iocundius.</strong></span> 
     </span>
    </p>
   </div>
   <div class='ocr_carea' id='block_1_5' title="bbox 147 3598 942 3651">
    <p class='ocr_par' dir='ltr' id='par_1_5' title="bbox 147 3598 942 3651">
     <span class='ocr_line' id='line_1_39' title="bbox 147 3598 942 3651; baseline 0.008 -10"><span class='ocrx_word' id='word_1_303' title='bbox 147 3601 309 3651; x_wconf 68' lang='grc'><strong>1133313331,</strong></span> <span class='ocrx_word' id='word_1_304' title='bbox 323 3613 363 3644; x_wconf 77' lang='lat' dir='ltr'><strong>ln.</strong></span> <span class='ocrx_word' id='word_1_305' title='bbox 377 3604 532 3646; x_wconf 75' lang='lat' dir='ltr'><strong>Hunmrcra.</strong></span> <span class='ocrx_word' id='word_1_306' title='bbox 909 3598 942 3647; x_wconf 79' lang='lat'><strong>21</strong></span> 
     </span>
    </p>
   </div>
   <div class='ocr_carea' id='block_1_6' title="bbox 0 0 1268 3814">
    <p class='ocr_par' dir='ltr' id='par_1_6' title="bbox 0 0 1268 3814">
     <span class='ocr_line' id='line_1_40' title="bbox 0 0 1268 3814; baseline 0 1"><span class='ocrx_word' id='word_1_307' title='bbox 0 0 1268 3814; x_wconf 95' lang='lat' dir='ltr'><strong> </strong></span> 
     </span>
    </p>
   </div>
  </div>
 </body>
</html>
