2528 3814
527 161 564 172 -
613 125 767 190 328-

142 292 329 368 siccatosque
343 307 377 350 ac
391 295 497 349 tunsos
511 287 558 349 vel
576 288 694 349 molitos
713 307 780 349 oum
799 287 868 348 telle
886 291 1004 350 taurino
1019 290 1067 351 vel
1082 294 1164 352 vitu·
1251 277 1252 282 ἵ

142 379 202 439 lino
216 377 356 438 miscebis
371 385 400 438 et
414 377 534 456 subiges
553 385 583 438 ct
600 396 656 457 pro
675 377 848 456 malagmate
863 377 899 437 ad
914 380 1006 438 imum
1021 388 1163 440 ventrem

142 466 179 528 ab
198 465 339 528 umbilico
357 466 497 528 deorsum
515 484 621 527 versus
639 469 772 546 inpones.
804 465 878 526 Nam
902 468 928 526 si
951 485 1042 546 super
1061 469 1163 530 umbi-

143 556 234 618 licum
258 557 435 636 inposueris,
459 563 577 616 steraus
600 573 687 616 omne
710 573 830 616 sursum
849 554 973 636 vocabit,
992 558 1160 636 inpositum
1252 545 1253 558 ¹

144 653 242 706 autem
258 645 398 706 deorsum
411 662 516 704 versus
531 653 560 706 et
574 643 663 704 bilem
678 643 814 704 detrahet
827 651 858 704 et
871 645 1007 722 pituitam
1021 645 1160 708 deducet.
1176 667 1191 708 s

90 748 124 798 81
234 733 317 795 Sales
335 733 491 794 cathartici
510 734 574 793 sine
593 731 737 794 stomachi
755 734 872 814 iniuria,
891 741 925 793 ut
943 751 1000 793 nec
1016 735 1162 796 intestina

145 823 272 904 doleant,
295 823 482 902 accipiuntur
506 840 560 882 seu
581 823 612 882 in
631 821 755 902 prandio
774 839 842 882 cum
862 839 929 882 esea
948 839 1002 882 seu
1020 824 1052 882 ln
1072 841 1161 904 cena3
1253 840 1254 870 t

144 914 170 972 si
198 919 298 973 autem
325 913 443 972 ieiunus
470 910 613 992 volueris,
644 928 711 971 cum
742 910 838 971 mulso
866 911 994 988 accipies
1023 911 1161 972 cocleare

144 1001 275 1081 plenum.
306 999 522 1080 Conponuntur
541 1002 598 1061 sic:
618 997 693 1060 Salis
711 1000 942 1059 ammoniaci-
957 999 979 1080 Ι,
997 999 1162 1080 zingiberis

145 1092 218 1151 sicci
243 1123 281 1132 -
303 1089 329 1167 1,
357 1089 461 1150 lasaris
489 1089 598 1149 radicis
623 1121 661 1132 -
682 1087 709 1168 1,
737 1089 903 1148 scamoniae
926 1088 1015 1168 -Ι,
1045 1091 1161 1168 piperis
1176 1111 1204 1150 ιο

144 1211 187 1222 -
206 1178 228 1257 1,
252 1177 375 1238 feniculi
393 1179 515 1238 seminis
537 1209 573 1222 —
595 1177 622 1258 Ι,
645 1185 726 1238 teres
745 1179 842 1236 omnia
862 1183 892 1237 et
911 1177 1063 1258 eriblabis3
1087 1195 1160 1237 sane

144 1284 213 1326 cum
244 1265 389 1344 volueris,
416 1273 450 1326 ut
476 1265 681 1326 vehementius
704 1273 833 1347 moveat,
856 1265 999 1347 ¹cocliaria
1027 1266 1087 1326 duo
1110 1284 1160 1326 ac-

144 1355 234 1433 cipiat
257 1355 309 1432 qui
332 1352 389 1413 alvi
412 1352 586 1414 difficultate
609 1353 807 1433 torquebitur.

548 1547 627 1610 CAP.
650 1547 754 1610 XXXI.

143 1661 199 1718 Ad
231 1661 286 1717 ani
313 1661 395 1717 vibio
427 1665 462 1717 et
493 1661 626 1717 fistulas
656 1661 789 1730 podicis
817 1663 852 1716 et
878 1661 1162 1717 haemorrhoidas

224 1750 375 1806 remedia
401 1750 542 1820 physica
571 1754 607 1806 et
633 1749 845 1806 rationabilia
873 1750 1007 1806 diversa
1035 1751 1078 1806 de

526 1839 775 1910 experimentis.

111 1988 125 2036 1
236 1975 342 2055 Lipara
361 1974 397 2035 ad
416 1977 621 2054 intertrigines
639 1983 669 2035 et
687 1977 941 2054 exasperationem
963 1982 993 2035 et
1010 1981 1163 2036 tumorem

149 2067 198 2126 ani
225 2066 349 2125 mirifica
379 2065 437 2125 sic:
469 2063 597 2144 Spumae
620 2070 776 2143 argenteae
800 2063 831 2126 P.
851 2063 890 2146 ΙΙ,
913 2082 1052 2124 cerussae
1075 2062 1107 2126 P.
1126 2063 1164 2146 ΙΙ,
1180 2083 1205 2124 15

148 2156 227 2216 turis
250 2153 370 2233 pollinis
393 2152 424 2214 P.
444 2152 479 2233 11,
503 2151 640 2212 aluminis
664 2153 726 2213 fissi
745 2151 776 2212 P.
790 2151 812 2232 I,
836 2153 931 2231 adipis
954 2151 1057 2214 suillae
1077 2171 1165 2213 ener-

150 2251 233 2305 vatae
253 2249 372 2304 curatae
391 2239 422 2301 P.
442 2240 477 2322 11,
496 2243 556 2301 vini
575 2243 685 2301 austeri
704 2243 814 2301 veteris
833 2239 864 2302 e
879 2241 891 2300 l
906 2241 936 2322 S,
954 2259 1040 2301 rosae
1057 2239 1088 2301 S
1103 2241 1116 2301 l
1132 2239 1163 2322 S,

150 2333 208 2392 olei
236 2331 341 2391 viridis
363 2329 395 2391 P.
416 2329 444 2390 S.
487 2328 607 2389 Teritur
636 2347 739 2408 spuma
768 2337 799 2389 et
822 2348 956 2410 cerussa,
983 2329 1101 2390 alumen
1125 2349 1162 2390 ex

149 2423 218 2480 vino
245 2419 382 2501 diluitur;
410 2417 517 2479 deinde
544 2418 672 2478 adicitur
700 2425 749 2478 tus
776 2419 807 2478 in
832 2418 985 2497 pulverem
1007 2419 1161 2480 redactum

149 2517 267 2570 etcum
286 2509 416 2587 primum
434 2507 507 2568 haec
526 2506 600 2567 levia
619 2507 695 2567 hene
714 2507 834 2582 luerint,
853 2507 950 2568 oleum
970 2514 1000 2568 et
1013 2509 1115 2568 viuum
1131 2516 1162 2568 et
1177 2529 1205 2568 sc

150 2597 267 2677 adipem
286 2596 474 2676 liquefactam
493 2615 561 2657 oum
580 2613 648 2656 rosa
667 2613 757 2675 supra
774 2598 883 2675 scripta
898 2597 1019 2656 misceri
1033 2603 1162 2676 oportet.

110 2699 127 2746 a
237 2684 344 2765 Lipara
363 2685 428 2746 ruia
447 2685 518 2746 iacit
536 2685 572 2745 ad
591 2685 714 2745 fissuras
733 2687 790 2766 ani,
809 2703 882 2763 quas
896 2685 1040 2764 rhagadas
1055 2683 1162 2746 Graeci

148 2774 260 2854 dicunt,
284 2774 387 2834 eadem
411 2774 447 2834 ad
470 2792 574 2834 omnes
597 2773 731 2834 ciusdem
754 2775 848 2851 partis
871 2773 1107 2834 exulcerationes
1130 2783 1161 2834 et

145 2865 216 2924 vitia
246 2863 360 2923 diutina
387 2861 464 2922 bene
492 2863 575 2943 iacit,
603 2863 710 2941 accipit
733 2861 819 2923 haec:
850 2861 978 2941 Spumae
1002 2870 1160 2941 argenteae

145 2950 171 3011 li
200 2950 278 3030 XVI,
310 2952 400 3012 misni
432 2953 494 3011 usti
522 2949 621 3030 XVI,
654 2952 770 3010 resinae
800 2950 1018 3012 terebinthinae
1046 2949 1159 3031 llel,
1174 2969 1201 3009 aa

145 3059 231 3102 cerae
255 3039 280 3100 a
300 3039 350 3122 VI,
373 3058 511 3101 cerussae
536 3038 562 3099 li
584 3037 661 3119 XVI,
685 3038 851 3100 chalcitidis
874 3047 959 3100 ustae
982 3039 1077 3120 XVI,
1102 3039 1160 3100 olei

144 3131 252 3211 myrtei
270 3128 302 3190 P.
321 3129 343 3191 I.
380 3127 485 3190 Omnia
508 3128 667 3208 diligenter
691 3137 830 3190 teruntur
853 3146 922 3189 cum
945 3129 1004 3189 olei
1026 3127 1158 3209 pondere

233 3289 251 3338 4
269 3282 391 3339 uocauit.
464 3287 480 3336 5
500 3281 621 3336 deducit.
691 3287 705 3335 7
726 3296 789 3335 com
809 3297 873 3336 esca
891 3286 941 3336 lm
959 3283 1083 3336 comesta
1100 3285 1158 3337 2m.

145 3358 179 3407 10
197 3354 328 3408 redicem.
402 3355 553 3408 scamonia.
628 3357 783 3406 neeman.

233 3426 275 3478 rit.
294 3425 512 3480 aemorhoditas.

217 3499 251 3546 14
268 3495 368 3564 lypara
386 3501 412 3550 et
429 3497 469 3549 sic
485 3496 542 3568 fere
554 3509 663 3562 seraper.
715 3497 749 3546 25
763 3490 958 3546 terebintinae.
1004 3497 1038 3547 27
1053 3491 1156 3548 mirtei.
