2528 3814
525 164 561 172 —
610 127 764 193 304-

139 308 215 369 aqua
243 289 385 370 admixta3
414 289 518 350 eodem
545 289 634 348 modo
658 289 787 350 dandum
811 296 857 349 est
880 296 911 349 et
934 291 986 368 eis,
1011 291 1065 368 qui
1089 308 1154 350 san·

139 373 268 458 guineni
284 395 337 457 per
360 379 476 438 urinam
500 377 547 437 vcl
569 377 666 438 alvum
689 377 832 458 reddunt,
860 395 917 438 nec
940 379 1039 438 minus
1064 381 1155 440 etiam

139 465 327 546 mulieribus,
360 485 434 546 quae
463 466 557 527 liuore
587 465 812 544 sanguinolento
840 467 1033 546 infestantur,
1065 485 1156 546 quem
1258 517 1259 526 ,

140 554 218 617 rbun
242 554 385 634 erythron
408 555 514 616 Graeci
537 555 649 634 dicunt,
671 555 718 614 vel
742 572 816 633 quae
840 573 877 614 cx
900 563 988 632 partu
1009 554 1157 616 abortuve

139 643 277 704 residuos
300 643 402 704 vulvae
426 643 543 704 dolores
566 643 690 724 habent,
713 645 797 703 etin
820 650 926 723 totum,
950 643 1061 722 quibus
1086 662 1181 723 sup-s

139 732 314 812 primendus
342 742 388 793 est
416 733 493 792 Iluor
520 740 572 793 aut
594 750 630 792 ex
653 731 749 810 aliqua
773 739 857 810 parte
881 734 1017 811 corporis
1040 732 1158 794 inflatio

139 821 276 882 tollenda.
314 820 432 900 Recipit
454 830 553 881 autem
576 821 662 881 baec:
687 820 791 900 Spicae
815 819 909 900 nardi,
933 823 1018 902 costi,
1040 823 1166 900 pIperis
1258 819 1259 884 l

140 909 212 991 albi,
237 912 351 989 piperis
373 912 461 991 nigri,
484 912 597 989 piperis
619 908 709 989 longi,
733 927 858 990 myrrae,
882 911 951 989 opii,
974 909 1158 988 Apollinaris

139 999 259 1079 radicis,
282 1001 419 1079 cinnami,
443 1001 530 1079 asari,
553 999 642 1078 aeorI,
665 999 751 1078 turis,
774 997 924 1058 brassicae
948 1001 1086 1078 seminis,
1110 1017 1158 1058 ca·

140 1089 245 1167 storei‚
273 1087 458 1165 singulorum
486 1087 624 1148 denarios
652 1084 720 1166 xli,
747 1087 927 1165 opopanacis
955 1085 980 1144 II
1008 1085 1048 1166 X,
1078 1096 1158 1148 stoe—
1171 1104 1192 1142 n
1258 1119 1259 1154 3

139 1175 256 1254 obedis,
289 1175 389 1254 daucI,
421 1193 535 1256 amcos,
567 1175 753 1254 singulorum
783 1174 921 1234 denarios
952 1173 1058 1253 XVIII,
1092 1175 1157 1236 silis

141 1262 250 1322 Cretici
278 1262 449 1343 IIIIXIIII3
478 1263 563 1324 melle
591 1264 689 1324 Attico
717 1263 791 1323 baec
818 1265 1010 1342 excipiuntur
1038 1281 1073 1324 ac
1101 1267 1157 1324 mi·

141 1357 271 1410 scantur.
312 1351 405 1413 Datur
428 1370 487 1411 non
511 1352 578 1430 plus
602 1370 690 1431 quam
714 1352 828 1412 denarii
850 1352 967 1430 pondus
990 1360 1043 1412 aut
1063 1355 1157 1412 ricto·

140 1439 232 1519 riati3'
246 1441 363 1520 ceteris,
386 1450 476 1519 prout
499 1443 645 1520 cuiusque
670 1443 748 1500 vires
767 1439 970 1520 postulabunt,
993 1441 1157 1502 dummodo

140 1527 217 1588 inira
235 1527 292 1589 boc
310 1529 437 1610 pondus,
456 1547 492 1590 ex
511 1547 604 1609 aquae
623 1528 733 1590 calidae
751 1528 864 1607 cyathis
879 1528 976 1590 tribus
989 1531 1020 1589 in
1035 1537 1159 1590 noctem
1172 1545 1194 1584 15

141 1617 306 1678 secundum
335 1636 447 1679 cenam.
492 1617 572 1679 Ilaec
600 1621 681 1696 potio
709 1619 799 1677 etiam
826 1617 1065 1678 febricitantibus
1089 1625 1157 1679 tuto

141 1704 237 1786 datur,
261 1724 365 1767 verum
389 1706 526 1768 coeliacis
545 1710 576 1767 in
596 1709 661 1785 ipso
681 1705 782 1767 dolore
802 1706 932 1784 prodest.
964 1705 1066 1767 Vitreo
1086 1725 1157 1768 vase

141 1793 197 1854 sub
220 1795 382 1875 signaculo,
405 1803 440 1856 ut
461 1797 554 1855 moris
578 1803 632 1875 est,
656 1801 799 1854 servatur.

105 1895 122 1943 t
230 1883 273 1943 dd
294 1883 352 1944 coli
370 1883 502 1944 dolorem
521 1885 634 1944 iaciunt
650 1883 770 1963 quidem
785 1884 909 1944 mirifice
925 1901 1000 1962 quae
1015 1885 1157 1962 superius

140 1972 237 2049 posita
251 1981 330 2053 sunt,
345 1973 397 2033 sed
413 1981 445 2034 ut
459 1981 558 2033 cetera
572 1973 787 2034 medicamenta
801 1973 832 2032 in
847 1972 911 2032 aliis
925 1973 1006 2032 vitiis
1020 1971 1158 2032 dolorem
1171 1988 1195 2027 so

141 2059 239 2120 levant
256 2063 403 2144 protinus,
422 2064 463 2122 ita
481 2061 547 2143 hoc,
567 2061 645 2140 quod
665 2061 801 2122 dicturus
820 2079 897 2141 sum,
917 2078 1007 2138 supra
1026 2060 1158 2120 hominis

141 2157 172 2209 et
195 2167 278 2227 spem
302 2159 333 2210 et
355 2151 560 2212 condicionem
583 2149 651 2210 ilico
669 2149 793 2229 prodest
814 2149 941 2228 ideoque
964 2151 1062 2227 primo
1081 2157 1157 2210 tem·

141 2255 214 2316 pore
237 2257 275 2298 ne
299 2237 372 2299 fides
396 2239 517 2318 quidem
540 2237 667 2299 babetur
691 2239 810 2299 effectui
829 2239 903 2317 eius,
925 2245 1029 2316 postea
1048 2256 1120 2298 vero
1139 2255 1158 2297 a

142 2324 223 2384 nullo
239 2329 310 2386 satis
325 2327 413 2406 digne
427 2327 542 2388 laudari
555 2335 667 2409 potest3
686 2345 754 2387 nam
769 2328 843 2386 etin
857 2327 1009 2405 praesenti
1022 2325 1158 2386 dolorem

141 2412 219 2472 tollit
242 2417 325 2474 etin
349 2416 484 2476 futurum
507 2417 664 2496 remediat,
692 2433 729 2475 ne
758 2433 899 2494 umquam
922 2414 1006 2475 dolor
1029 2421 1155 2493 repetat
1173 2429 1199 2470 as

142 2500 220 2561 Raro
244 2504 322 2563 enim
344 2507 411 2583 quis
430 2507 539 2566 iterum
559 2513 610 2566 aut
628 2513 662 2566 ut
681 2521 830 2565 summum
849 2505 938 2564 tertio
957 2511 1079 2582 accepto
1098 2503 1158 2564 boc

142 2589 358 2652 medicamento
382 2603 504 2655 vexatus
525 2601 585 2674 est3
609 2593 801 2672 quamobrem
820 2593 846 2652 si
865 2592 982 2671 quando
1001 2593 1158 2671 repetierit

143 2680 252 2738 iterum
276 2679 369 2761 dolor,
393 2682 505 2742 dandae
529 2690 618 2742 erunt
640 2701 694 2761 per
718 2681 851 2742 triduum
874 2688 905 2741 et
927 2687 1000 2741 tunc
1019 2683 1157 2759 potiones

141 2766 247 2827 eodem
275 2767 377 2848 modo,
404 2789 463 2848 quo
491 2779 522 2831 et
549 2773 645 2849 primo
675 2771 759 2830 datae
788 2770 907 2830 luerint.
949 2769 1102 2830 Interdum
1126 2776 1158 2828 et

142 2858 174 2916 in
202 2858 291 2916 tertio
320 2856 421 2918 dolore
451 2859 555 2919 eodem
583 2877 692 2938 genere
720 2860 857 2938 potiones
885 2856 1050 2938 dabuntur,
1077 2856 1157 2936 quod
1173 2872 1200 2912 so

142 2961 211 3004 raro
235 2944 356 3024 quidem
379 2947 503 3029 accidet,
528 2954 562 3008 ut
585 2954 654 3027 post
671 2949 797 3026 primam
816 2949 968 3026 potionem
987 2945 1071 3006 dolor
1091 2944 1158 3005 red-

143 3040 204 3115 eat;
237 3034 289 3094 sed
318 3035 345 3094 si
371 3034 547 3096 admonente
576 3054 664 3097 causa
693 3037 803 3097 iterum
834 3043 923 3114 atque
952 3037 1061 3094 iterum
1090 3033 1160 3094 data

143 3121 247 3203 fucrit,
274 3125 305 3184 in
336 3123 471 3186 futurum
499 3143 618 3205 quoquc
647 3127 688 3185 ita
716 3122 904 3204 remediabit‚
932 3131 967 3183 ut
994 3140 1032 3182 ne
1062 3123 1159 3201 suspi-

143 3211 190 3271 cio
219 3213 339 3290 quidem
368 3213 426 3275 ulla
449 3214 519 3275 buic
543 3216 614 3275 vitio
638 3213 838 3292 relinquatur3
867 3210 1033 3290 siquando
1057 3217 1159 3270 tamen

215 3421 249 3471 23
267 3419 316 3490 ne]
335 3413 395 3474 nec.
500 3421 614 3488 quidem
632 3436 682 3475 om.
766 3415 879 3472 effectui
896 3415 1011 3484 scripsi:
1029 3413 1157 3469 effectus.

143 3487 178 3536 2⁷
198 3487 441 3544 medicamentum.
514 3496 548 3544 28
568 3491 668 3544 danda.
