2540 3802
556 111 798 175 -192-

169 269 215 331 vel
244 287 332 348 quam
361 289 464 331 zonam
487 279 593 332 vocant
621 271 697 332 bene
726 272 797 333 iacit
825 271 892 331 data
921 289 957 331 ex
986 288 1062 349 aqua
1090 269 1185 332 mulsa

168 358 301 420 detracto
329 360 414 438 prius
443 362 600 439 sanguine,
626 362 653 420 si
680 379 729 421 res
753 359 961 441 postulaverit,
989 359 1071 438 quod
1102 369 1133 420 et
1155 362 1185 421 in

169 446 307 508 omnibus
326 447 391 508 aliis
410 449 490 510 vitiis
509 467 600 528 supra
619 448 707 510 dictis
722 448 889 510 laciendum
905 456 965 529 est3
987 450 1087 508 omnia
1106 450 1185 509 enim

167 536 274 597 auxilia
305 536 469 598 adhibenda
498 545 581 618 sunt,
609 556 684 617 quae
712 557 748 599 ex
777 555 834 600 usu
862 537 1005 616 prodesse
1031 545 1186 616 comperta

167 624 320 708 babemus,
348 629 417 706 quia
439 625 538 687 adiuta
562 626 712 688 antidotos
735 627 883 687 faciliores
906 624 1027 686 habebit
1050 625 1209 686 effectusu

116 728 148 778 13
257 715 375 794 Recipit
388 733 459 794 ergo
473 713 560 777 baec:
579 713 817 796 Chamaedropis,
837 733 912 796 qnae
927 713 1020 775 herba
1035 713 1187 774 simillima

168 823 281 885 quercu
310 803 379 864 lolia
407 803 510 884 babet,
543 806 666 884 agarici,
700 804 874 866 cucurbitae
902 803 1061 882 silvestris,
1096 820 1188 882 quiam

170 892 406 973 colocynthidam
433 892 594 974 appellant,
623 883 802 975 stoechadis,
831 891 1016 970 singulorum
1045 891 1188 953 denarios

167 983 269 1062 denos,
288 984 475 1061 opopanacis,
496 985 644 1064 sagapeni,
663 981 845 1063 petroselini,
864 988 962 1041 terrae
976 979 1055 1061 mali,
1069 982 1188 1058 piperis

167 1071 237 1150 albi,
266 1069 451 1148 singulorum
475 1070 613 1132 denarios
641 1073 762 1151 quinos,
789 1071 932 1150 cinnami,
960 1068 1046 1129 nardi
1074 1071 1188 1149 spicae,
1202 1086 1223 1126 m

167 1176 298 1237 myrrae,
326 1157 401 1238 folii,
431 1160 526 1238 croci,
554 1159 739 1238 singulorum
766 1159 905 1220 denarios
933 1165 1103 1238 quaternos.
1153 1157 1188 1224 ln

166 1263 260 1306 unum
279 1247 377 1305 omnia
396 1244 554 1325 diligenter
572 1247 734 1325 ponderata
756 1247 982 1309 contunduntur
1002 1254 1032 1306 et
1050 1244 1188 1307 cribran-

166 1341 217 1393 tur
244 1340 363 1412 praeter
391 1352 590 1413 opopanacem
617 1343 647 1396 et
675 1354 855 1416 sagapenum
883 1343 913 1396 et
938 1353 1080 1415 myrram3
1109 1335 1187 1396 haec

167 1423 246 1482 enim
276 1423 417 1482 mortario
446 1424 504 1484 teri
536 1423 646 1484 debent
683 1424 798 1486 adiecto
830 1424 916 1486 melle
945 1425 1043 1503 tenui,
1077 1423 1108 1483 id
1139 1435 1187 1484 est

167 1529 256 1590 quam
279 1511 492 1592 liquidissim03
517 1511 623 1573 deinde
651 1516 760 1575 ceteris
789 1516 1022 1594 permiscentur,
1049 1530 1124 1592 quae
1156 1523 1187 1574 et
1200 1528 1220 1568 n

166 1603 231 1680 ipsa
254 1601 389 1680 recipcre
413 1600 523 1662 debent
546 1609 662 1662 tantum
685 1602 789 1684 mellis,
814 1609 957 1682 quantum
978 1605 1050 1662 satis
1069 1603 1128 1661 erit
1149 1601 1185 1662 ad

166 1689 443 1770 comprehendenda
467 1698 498 1752 et
520 1691 698 1752 continenda
722 1710 756 1752 ea
780 1692 825 1752 vel
849 1689 1088 1769 conglutinanda.
1127 1688 1186 1750 lle-

165 1780 287 1858 ponitur
306 1779 554 1840 medicamentum
574 1799 642 1840 vaso
662 1783 757 1841 vitreo
776 1781 832 1842 sub
852 1779 1014 1860 signaculo,
1034 1779 1130 1858 datur,
1152 1789 1187 1840 ut

166 1885 256 1946 supra
280 1867 408 1931 diximus
432 1876 463 1930 et
482 1868 730 1949 quemadmodum
750 1869 889 1950 diximus,
909 1886 977 1930 cum
997 1885 1113 1928 summa
1132 1867 1186 1928 ob·

166 1958 332 2018 servatione
360 1976 414 2037 pro
444 1960 589 2036 cuiusque
617 1959 661 2017 rei
689 1960 787 2018 causis
816 1958 863 2019 vel
888 1959 1038 2018 mensuris
1063 1955 1108 2016 vel
1132 1973 1221 2017 nen

166 2045 369 2128 cessitatibus3
393 2055 439 2108 est
462 2064 586 2125 prorsus
610 2064 737 2127 sacrum,
761 2055 795 2107 ut
818 2055 922 2108 auctor
942 2047 1071 2105 nominis
1090 2043 1186 2106 huius

113 2147 147 2196 14
165 2134 329 2214 appellavit.
376 2134 409 2194 Si
441 2135 558 2214 quando
590 2142 689 2195 autem
721 2135 888 2196 efficaciore
923 2132 1105 2194 voluerimus
1139 2137 1187 2195 uti

165 2231 289 2302 propter
307 2221 512 2285 difficultatem
531 2223 695 2284 naturalem
713 2225 852 2286 vitiorum
871 2230 923 2285 aut
942 2239 1099 2284 causarum
1117 2221 1184 2284 diu-

112 2325 115 2330 ’
167 2313 351 2390 turnitatem,
374 2320 407 2372 ut
431 2313 456 2370 si
479 2312 609 2373 dandum
633 2314 672 2373 sit
695 2313 816 2374 furiosis
840 2321 891 2374 aut
914 2311 1057 2372 comitiali
1076 2311 1185 2372 morbo

167 2401 314 2477 correptis
331 2398 377 2459 vel
395 2399 564 2461 lumborum
584 2409 762 2479 perpetuum
782 2401 914 2462 dolorem
933 2399 1112 2461 habentibus
1132 2420 1185 2480 po·
1202 2422 1229 2462 ss

167 2487 292 2565 degrave
315 2489 466 2569 cruciatis,
489 2488 662 2550 cucurbitae
686 2489 831 2552 silvestris
852 2491 1016 2552 adiciemus
1035 2488 1071 2548 ad
1091 2507 1185 2568 supra

166 2575 244 2636 dicta
272 2574 403 2654 pondera
432 2576 569 2638 denarios
597 2577 700 2639 decem
728 2587 758 2639 et
785 2580 964 2658 opopanacis
988 2587 1076 2656 atque
1100 2595 1184 2658 saga·

166 2665 237 2742 peni
260 2665 397 2725 denarios
421 2667 541 2747 quinos3
570 2667 762 2745 quamobrem
792 2675 918 2749 utraque
946 2675 1048 2746 parata
1072 2666 1186 2729 debent

167 2770 232 2813 esse
258 2751 486 2835 medicamenta,
514 2762 560 2835 ut,
589 2773 658 2815 cum
686 2774 761 2837 opus
789 2757 893 2839 luerit,
922 2773 994 2818 usus
1023 2756 1185 2835 utriusque

165 2843 196 2901 in
230 2848 370 2922 promptu
403 2845 449 2904 sit.
502 2843 576 2904 lllud
614 2862 684 2904 sane
722 2863 792 2924 prae
826 2849 934 2906 ceteris
968 2843 1040 2906 mibi
1074 2845 1183 2906 credas
1197 2867 1226 2907 oo

165 2929 268 3012 velim,
295 2931 366 2992 dum
393 2934 423 2992 in
452 2931 516 2994 aliis
545 2931 635 2993 rebus
662 2935 726 3014 ipse
755 2935 814 2994 vim
842 2937 907 2996 eius
936 2935 1096 3014 experiris,
1123 2935 1185 2996 hoc

165 3019 381 3082 medicamento
414 3039 475 3082 non
502 3020 599 3083 solum
626 3041 686 3083 non
716 3025 819 3084 noceri
846 3022 1044 3102 stomachum,
1077 3040 1186 3085 rerum

166 3111 255 3172 etiam
279 3110 362 3172 refici
385 3119 415 3173 et
438 3112 608 3172 confirmari
632 3130 721 3192 supra
745 3114 878 3172 omnium
902 3113 1081 3190 opinionem.

116 3209 148 3259 15
256 3198 514 3278 Medicamentum,
534 3202 612 3280 qnod
632 3203 752 3280 proprie
772 3200 913 3260 adversus
929 3199 1108 3261 solutionem
1123 3209 1186 3262 sto·

168 3435 174 3449 =
257 3413 273 3461 6
293 3407 516 3480 chamaedropis]
536 3409 710 3479 χαμαίδρυος
728 3404 853 3460 Stridon.
908 3409 924 3458 8
941 3403 1184 3480 colocynthidcm]

167 3477 360 3532 uotonovdldo
378 3479 504 3536 Scribere.
577 3486 610 3535 31
629 3479 713 3534 rebus
731 3491 781 3531 om.
801 3472 927 3530 Scribere.
