2564 3794
491 127 731 192 -137—

103 305 196 364 grana
214 304 339 347 numero
359 285 422 368 XX,
441 287 641 367 glycyrrhizae
660 291 725 350 suci
744 287 769 348 II
788 287 837 368 III,
856 291 1035 350 cariotarum
1053 292 1118 369 pin·

104 377 208 454 guium
236 377 301 435 snei
329 379 474 454 exemptis
501 379 665 436 interaneis
693 376 785 437 IIIII
827 376 945 438 Gummi
969 387 999 439 et
1021 387 1117 458 traga-

104 463 281 524 canthum
272 481 305 523 rn
332 482 408 542 aqua
435 464 530 525 mulsa
558 472 740 544 maceratur,
767 465 873 526 deinde
898 473 1024 544 utraque
1048 469 1118 528 trita

15 551 16 606 l
104 553 213 613 ceteris
237 551 314 612 bene
337 553 471 613 tritist
441 560 471 613 et
493 552 628 632 levigatis
651 553 862 642 admiscentur,
887 554 1034 632 posthoc
1057 556 1118 633 glo·

75 639 169 702 ebuli
196 640 351 720 finguntur
378 641 415 701 ad
443 641 526 701 fabae
554 629 801 722 magnitudinem,
829 660 905 720 quos
933 641 989 702 sub
1018 642 1118 721 lingua

105 730 202 788 teneri
226 736 344 808 oportet
372 737 402 789 et
430 730 508 808 quod
538 729 575 789 de
598 731 645 790 his
670 729 862 808 liquefactum
886 730 989 811 fuerit,
1018 734 1117 791 statim

106 817 250 877 devorari.
286 815 366 878 Ilaec
390 819 555 897 conpositio
579 818 650 879 lacit
673 819 709 878 ad
733 820 831 878 omnia
853 821 979 879 arteriae
998 820 1068 879 vitia
1088 829 1118 880 et

106 905 236 968 thoracis
259 906 347 965 etad
371 909 452 966 vocis
474 908 731 985 interceptionem.

196 992 389 1074 Compositio,
413 1013 488 1073 quae
512 995 622 1056 dIcitur
646 997 814 1075 stomatice,
837 995 908 1056 lacit
930 995 966 1056 ad
990 995 1118 1056 tossiIlas
1136 1007 1171 1059 47

65 1103 92 1144 10
107 1090 137 1142 et
155 1100 225 1142 uvas
245 1091 396 1143 tumentes
414 1091 445 1143 et
463 1083 499 1143 ad
514 1083 636 1144 vulnera
650 1091 680 1143 et
695 1083 796 1144 ulcera
808 1085 840 1143 in
854 1083 996 1144 auriculis
1010 1091 1119 1163 vetera,

105 1179 228 1250 excepta
247 1189 283 1230 ex
301 1170 386 1231 libris
404 1170 565 1232 Ptolomaei
585 1173 675 1252 regis,
699 1175 751 1251 qui
769 1171 933 1250 Euergetes
954 1171 1118 1251 appobatus

106 1266 164 1340 est,
192 1261 301 1337 accipit
329 1259 415 1320 baec:
453 1259 524 1320 Suci
551 1279 588 1320 ex
616 1263 708 1321 moris
736 1260 807 1320 facti
834 1269 864 1320 et
891 1263 922 1320 in
951 1260 1013 1321 sole
1040 1263 1118 1322 cocti

105 1345 136 1408 θ
160 1365 254 1408 unum
278 1349 376 1428 semis,
400 1347 598 1428 glycyrrhIzae
622 1351 688 1409 suci
710 1347 790 1428 IIII,
813 1351 935 1410 corticis
953 1349 1023 1428 lycii
1041 1348 1067 1408 Χ
1088 1349 1117 1428 S,

105 1454 221 1515 myrrae
245 1435 451 1515 troglodytidis
473 1436 499 1496 II
518 1435 544 1516 I,
572 1437 709 1498 aluminis
732 1438 795 1497 fissi
819 1437 890 1517 III,
915 1438 1001 1498 nardi
1023 1437 1118 1498 Indici

65 1523 132 1586 tall
159 1524 193 1604 S,
225 1524 321 1585 meIIIs
350 1526 439 1586 attici
465 1525 587 1604 cyathos
615 1525 683 1604 IIII,
713 1527 771 1586 vini
799 1525 900 1586 malini
928 1526 1067 1605 cyathum
1095 1526 1116 1588 I.

106 1611 187 1683 Quae
211 1613 293 1673 arida
316 1621 395 1694 sunt,
419 1631 554 1674 seorsum
577 1621 719 1674 teruntur
742 1624 772 1674 et
794 1616 826 1674 in
849 1632 943 1674 arnum
962 1632 1030 1675 curm
1049 1617 1118 1674 vino

105 1709 319 1781 temperantur,
345 1701 452 1762 deinde
475 1720 596 1781 passum
619 1703 666 1762 his
689 1702 870 1763 admiscetur
893 1710 924 1762 et
947 1712 1118 1782 coquuntur

105 1793 203 1850 omnia
222 1791 253 1850 in
273 1791 372 1850 cinere
392 1789 496 1872 calido,
515 1790 610 1852 donec
625 1790 719 1851 melfis
739 1790 962 1870 spissitudinem
981 1791 1117 1852 habeant.

104 1878 171 1938 Non
193 1887 311 1956 oportet
334 1887 432 1939 autern
456 1881 593 1957 ignorare
621 1879 711 1939 utiles
738 1897 804 1939 esse
834 1882 972 1940 artemam
995 1879 1117 1940 inbecil-

65 1985 91 2024 ao
106 1967 164 2027 lam
183 1965 361 2027 habentibus
380 1969 570 2048 gestationes,
590 1967 850 2048 deambulaboncs,
870 1971 1005 2046 corporis
1024 1971 1116 2029 vocis-

107 2075 164 2134 que
184 2057 420 2135 exercitanones,
443 2059 592 2116 contraria
615 2065 713 2116 autem
737 2055 841 2116 balnea
863 2065 892 2117 et
911 2059 1017 2135 omnia,
1041 2075 1117 2135 quac

106 2144 245 2204 videntur
268 2153 357 2222 caput
379 2144 493 2224 inplere
517 2143 562 2204 vel
586 2163 706 2206 umores
730 2147 868 2205 excitare.
906 2143 982 2204 Uvae
1006 2152 1037 2204 et
1055 2145 1116 2204 lau·
1135 2157 1170 2205 48

106 2235 186 2293 cium
210 2231 305 2292 dolori
323 2233 411 2293 fimus
430 2251 583 2313 agnorum,
601 2235 775 2312 priusquam
794 2232 917 2292 herbam
939 2240 1068 2314 gustent,
1085 2235 1117 2293 in

106 2320 212 2382 umbra
240 2321 389 2381 arefactus
419 2329 449 2381 et
477 2322 641 2383 contrictos
669 2329 758 2401 atque
786 2321 940 2400 emplastri
962 2339 1044 2382 more
1068 2323 1117 2382 ad·

65 2427 91 2468 aa
105 2411 222 2489 positus
245 2410 389 2470 medetur.
432 2409 510 2470 Suco
534 2409 651 2472 cocleae
675 2428 729 2470 acu
753 2410 933 2470 transfossae
956 2410 1039 2470 iulita
1061 2428 1117 2471 uva
1136 2423 1171 2470 49

106 2505 241 2578 sanatur,
271 2500 311 2558 ita
340 2507 374 2558 ut
401 2500 464 2576 ipsa
493 2497 585 2558 coelia
613 2501 643 2558 in
673 2499 754 2558 fumo
782 2507 884 2576 postea
909 2499 1117 2578 suspendatur.

105 2587 184 2648 Uvae
208 2586 411 2666 destillationI,
435 2605 510 2666 quae
534 2587 672 2648 omnibus
695 2587 757 2647 lere
779 2586 947 2666 periculosa
970 2595 1024 2669 est,
1049 2605 1117 2648 nam
1136 2598 1171 2647 tto

106 2685 137 2736 et
159 2675 273 2754 pthisin
296 2683 327 2735 et
352 2679 488 2754 syntexin
512 2682 542 2736 et
565 2676 635 2736 alias
660 2675 797 2736 molestas
821 2675 1005 2736 valetudines
1028 2687 1118 2756 creat,

105 2771 232 2843 prosunt
260 2765 342 2843 porri
370 2766 473 2824 sectivi
501 2763 569 2824 lolia
598 2783 658 2825 non
686 2773 769 2825 cocta
797 2765 862 2825 siue
889 2783 965 2843 pane
994 2764 1117 2825 adsidue

66 2870 92 2910 eo
107 2852 291 2912 manducata.
330 2850 434 2912 Ulevrm
459 2851 587 2914 calidum
610 2855 647 2934 ei,
670 2855 723 2932 qui
746 2853 782 2913 de
806 2871 861 2913 uva
885 2861 915 2914 et
937 2855 1056 2913 arteriis
1078 2853 1117 2912 la·
1136 2862 1170 2911 51

104 2941 203 3022 borat,
232 2941 316 3001 eunti
343 2939 502 3000 dormitum
531 2943 563 3001 in
592 2941 749 3002 cerebrum
778 2949 808 3002 et
832 2943 864 3002 in
889 2960 977 3003 aures
1000 2941 1118 3002 infundi

104 3030 178 3090 utile
202 3036 256 3091 est.
294 3027 384 3088 Uvam
407 3036 470 3090 toto
494 3047 571 3089 anno
595 3048 654 3090 non
679 3029 799 3109 dolebit,
823 3032 875 3108 qui
898 3049 967 3091 cum
989 3032 1119 3109 primum
1137 3040 1171 3088 nn

104 3137 191 3179 uvam
215 3119 322 3178 viderit
344 3117 564 3198 procedentem,
588 3119 708 3178 sinistra
732 3136 821 3178 manu
841 3119 931 3197 digito
951 3119 1119 3180 medicinali

178 3267 379 3340 tglucerinee
452 3269 627 3351 ιίςΙοὶωἰίε.Ι
688 3268 961 3324 Sinteroessionom.
1027 3271 1118 3322 esto·

105 3341 259 3396 machicac
361 3345 393 3394 13
413 3341 510 3421 semis]
530 3339 652 3395 seminis.
756 3341 804 3408 gly
806 3340 919 3394 corizae
1018 3339 1118 3408 lyciae.

107 3419 139 3466 14
153 3409 327 3466 troclodidis.
371 3417 404 3465 15
419 3409 535 3466 ciathos.
579 3411 677 3465 melini
691 3413 804 3480 scripsi
818 3410 910 3464 melei.
958 3413 990 3462 18
1005 3409 1117 3464 habeat.

106 3488 139 3536 19
158 3481 323 3537 inbieillam
396 3487 429 3537 28
448 3481 543 3552 tpisiu
