2564 3794
475 131 713 196 -143-

89 292 291 354 terebinthina
305 312 433 372 ceraque
444 293 565 354 decocta
580 293 742 372 plurimum
754 300 843 372 atque
853 294 1005 373 emplastri
1016 295 1103 356 modo
1146 279 1156 300 ⁹

89 382 222 461 adposita
246 390 351 443 sanant
373 381 494 442 tosillas.
532 381 565 441 Si
588 381 673 460 adipe
697 381 814 442 leonina
837 382 953 442 tosillae
974 385 1101 444 interius
1122 398 1156 446 16

88 478 307 550 perungantur,
339 471 445 531 eodem
472 470 520 530 die
548 470 741 530 sanabuntur.
786 469 845 532 Lac
873 474 1028 549 caprinum
1056 473 1103 532 vel
1124 487 1155 534 1⁷

88 557 235 620 bubulum
258 560 305 619 vel
328 559 449 619 ovillum
471 576 578 618 recens
600 559 730 619 mulsum
754 559 825 620 dum
848 558 924 620 calet
946 560 993 620 vel
1013 563 1101 622 etiam

61 648 265 709 scalciactum
284 649 499 726 gargarizatum
518 646 683 708 tosillurum
703 647 821 708 dolores
844 656 874 708 et
892 657 1026 710 tumores
1042 653 1101 710 cito

89 736 181 797 sedat.
217 735 358 814 Plantago
382 735 428 796 rel
452 737 516 796 eius
540 735 623 796 radix
643 736 868 814 diligentissime
888 739 1015 798 contrita
1034 757 1103 798 cum
1124 750 1158 799 18

89 825 215 902 axungia
235 831 335 884 vetere
353 826 481 903 inposita
499 826 530 883 in
548 841 646 901 panno
666 825 711 884 vel
731 824 822 885 linteo
841 825 964 904 prodest
978 828 1102 904 anginae

89 912 136 972 vel
159 911 274 974 tosillis.
315 911 491 993 Cyclaminis
515 931 619 973 sucum
643 921 674 973 et
696 913 754 972 mel
773 913 896 992 Lycium
915 916 1017 993 aequis
1036 933 1102 993 por·
1123 927 1156 974 19

88 1000 222 1062 tionibus
250 1000 390 1062 miscebis
418 1009 449 1061 et
477 1019 511 1061 eo
539 1003 761 1079 gargarismatio
790 1001 826 1061 ad
850 1003 948 1062 omnia
972 1003 1102 1063 lancium

0 1123 1 1126 =
50 1110 75 1150 ro
88 1091 159 1150 vitia
186 1097 326 1168 potenter
353 1091 457 1150 uteris.
503 1087 679 1150 Pulticulam
703 1109 738 1150 ex
762 1089 835 1150 alica
860 1091 963 1171 iacies,
989 1093 1020 1151 in
1044 1109 1102 1169 qua
1121 1102 1156 1151 20

89 1181 185 1256 capita
208 1196 368 1256 porrorum
391 1189 515 1238 contusa
539 1181 639 1238 mittes
663 1187 693 1238 et
717 1177 805 1238 simul
828 1178 978 1258 decoques
1000 1187 1031 1239 et
1051 1181 1101 1239 de·

88 1266 158 1327 inde
177 1265 289 1327 celabis
307 1276 338 1327 et
357 1265 520 1326 sorbitione
539 1283 573 1326 ea
592 1276 696 1328 contra
711 1268 840 1328 saucium
855 1267 1014 1348 molestias,
1033 1285 1102 1328 cum

1 1351 2 1366 ²
89 1355 227 1435 volueris,
256 1357 359 1415 uteris.
406 1355 439 1415 Si
466 1356 533 1434 quis
561 1355 679 1433 grillum
706 1373 795 1416 manu
819 1358 993 1416 contriverit
1012 1365 1042 1418 et
1064 1357 1101 1417 ad
1120 1367 1154 1414 tt

91 1443 217 1504 tossilias
240 1443 286 1504 vel
310 1461 379 1504 suas
402 1443 447 1504 rel
471 1442 593 1504 alterius
616 1452 722 1504 tenens
745 1452 792 1505 ter
812 1444 997 1524 adbibuerit,
1020 1453 1102 1506 tactu

48 1552 74 1593 15
89 1532 139 1592 illo
168 1541 315 1592 tumorem
343 1531 466 1593 sanabit.
512 1531 646 1593 'lossillis
675 1550 764 1594 renes
791 1533 935 1594 vulturini
963 1532 1038 1594 aridi
1070 1536 1102 1593 in
1121 1544 1155 1592 22

88 1620 175 1681 melle
199 1623 264 1682 triti
286 1620 333 1681 vel
356 1621 471 1681 decocti
494 1623 603 1682 mirum
627 1623 793 1682 remedium
815 1629 977 1702 praestant,
1001 1624 1027 1681 si
1045 1639 1100 1699 pro

88 1709 249 1788 emplastro
272 1709 466 1788 adponentur.

178 1797 272 1877 Copae
292 1797 397 1876 longae
416 1797 598 1858 conditoriae
617 1815 690 1858 suco
708 1796 823 1858 adiecto
846 1795 933 1858 melle
952 1798 1100 1875 permixto
1120 1808 1154 1856 23

88 1889 231 1948 interiora
255 1887 384 1947 lancium
407 1893 638 1967 pertractantur,
661 1904 720 1964 quo
745 1885 820 1946 lacto
843 1887 949 1964 angina
968 1884 1101 1946 laboran-

48 1995 75 2034 ao
89 1984 149 2036 tem
173 1994 189 2034 a
212 1975 346 2054 periculo
369 1974 524 2054 liberabis,
547 1976 645 2034 resina
670 1992 788 2053 quoque
812 1973 857 2034 vel
880 1973 995 2053 liquore
1019 1975 1102 2036 cedri

89 2064 204 2124 arboris
228 2066 334 2142 angina
357 2064 480 2124 adsidue
504 2072 645 2142 peruncta
666 2070 795 2123 sanatur.
832 2062 943 2142 Myrtae
963 2061 1101 2124 loliorum
1119 2073 1151 2120 ul

88 2171 180 2213 sucus
194 2155 394 2232 gargarizatus
412 2151 458 2212 vel
477 2154 566 2213 etiam
585 2154 778 2214 transmissus
797 2154 920 2229 anginae
940 2150 1101 2230 plurimum

88 2242 220 2320 prodest.
257 2241 384 2321 Myrram
408 2244 565 2302 contritam
590 2260 626 2302 ex
649 2259 724 2320 aqua
744 2240 842 2318 tepida
860 2248 1032 2301 constanter
1050 2241 1099 2300 ab·
1119 2250 1154 2298 25

1 2399 2 2410 ,
89 2329 267 2390 sorbendam
290 2330 358 2390 dato
385 2332 426 2410 ei,
455 2332 507 2409 qui
530 2331 653 2409 anginae
677 2330 810 2408 periculo
841 2327 967 2389 laborat:
1000 2331 1099 2389 statim

1 2421 2 2450 ³
48 2437 158 2479 aserim
180 2417 329 2478 liberabis.
366 2417 566 2479 Hirundinum
590 2418 813 2478 combustarum
831 2419 907 2478 cinis
926 2435 994 2478 cum
1013 2418 1099 2478 melle
1119 2427 1154 2476 26

88 2507 185 2568 Attico
209 2510 318 2567 mixtus
342 2507 536 2586 faucibusque
560 2508 674 2567 inditus
697 2515 728 2567 et
750 2509 887 2584 anginam
908 2508 1052 2585 reprimet
1070 2515 1100 2567 et

88 2595 198 2676 ulcera,
217 2598 244 2656 si
262 2614 319 2674 qua
334 2598 452 2656 arteriis
466 2598 597 2676 inerunt,
612 2605 748 2657 contacta
763 2594 902 2674 purgabit
916 2595 1099 2676 sanabitque.

12 2691 14 2694 ’
89 2683 251 2745 'laurinum
276 2683 314 2744 fel
338 2684 423 2744 melle
443 2687 623 2763 permixtum
642 2694 672 2746 et
691 2686 878 2746 extrinsecus
897 2683 1031 2744 lancibus
1051 2684 1099 2744 ad·
1119 2692 1152 2742 2⁷

88 2775 219 2850 positum
238 2772 283 2833 vel
302 2791 356 2852 pro
372 2776 502 2852 unguine
521 2774 676 2834 inductum
691 2777 812 2852 anginas
827 2773 988 2834 ellicaciter
1003 2783 1099 2854 sanat3

48 2881 75 2920 ao
89 2861 168 2922 idem
196 2869 327 2940 praestat
356 2870 386 2922 et
416 2864 571 2942 caprinum
601 2862 640 2922 lel
672 2862 808 2923 similiter
840 2861 1017 2940 adpositum.
1068 2861 1100 2921 Si
1118 2869 1153 2918 28

89 2949 187 3010 subita
211 2951 317 3028 angina
340 2951 381 3010 ita
405 2950 505 3011 lauces
529 2951 794 3029 praelocabuntur,
822 2958 855 3011 ut
880 2949 994 3010 nullum
1018 2952 1099 3010 auxi-

89 3038 160 3098 lium
184 3038 322 3098 celeriter
348 3041 476 3099 inveniri
504 3043 610 3120 possit,
638 3039 718 3100 ierro
747 3058 834 3119 quam
862 3040 1034 3099 acutissimo
1063 3057 1100 3099 ex

1 3181 2 3192 ,
89 3126 203 3208 venula,
227 3145 303 3204 quae
327 3127 500 3206 sublingua
520 3136 565 3188 est
588 3131 722 3207 inparte
747 3130 876 3206 sinistra,
901 3145 976 3206 quae
1000 3130 1100 3186 statim

88 3215 124 3276 de
148 3215 205 3276 hoc
228 3215 332 3276 morbo
355 3215 503 3297 pallescit,
527 3219 648 3294 sanguis
672 3219 837 3297 emittatur3
865 3217 1007 3276 continuo
1031 3214 1099 3274 sub-

161 3421 376 3478 lterebenline.
432 3429 616 3491 3caprunum
633 3425 691 3478 2m.
747 3420 910 3476 domitium.
966 3424 1000 3472 10
1015 3435 1099 3486 quem

89 3493 247 3550 Cornelios.
286 3499 319 3550 15
329 3510 409 3549 renes
419 3493 511 3564 vulpis
523 3493 599 3549 Plio.
639 3499 671 3548 19
682 3490 822 3562 anginam.
860 3489 1098 3546 idherundinum.
