2636 3790
577 171 794 234 ..20-

324 368 517 430 Cornelius
541 369 665 429 Celsus
689 368 810 429 Pullio
834 368 952 429 Natali
976 389 997 429 s.
1022 371 1049 430 d.

148 521 163 568 1
272 511 371 572 Lectis
405 510 521 572 duobus
553 510 637 571 libris
674 513 912 590 conpositionuni
946 511 1084 585 Graecis,
1117 511 1195 572 Pulli

180 600 301 681 Natalia,
325 618 400 679 quos
424 601 532 660 misisti
554 599 636 678 mibi,
660 607 694 660 ut
716 602 747 660 in
771 598 909 660 Latinum
933 618 1100 661 sermonem
1124 619 1193 660 con·
1285 673 1286 676 Ἴ

180 699 337 770 verterem,
361 687 488 748 libenter
511 690 598 767 parui
621 697 689 748 tuae
713 687 866 768 voluntati,
891 689 996 768 dignos
1020 708 1070 750 eos
1094 691 1194 749 existi·
1285 683 1286 694 ¹

180 797 279 854 mans,
308 777 417 857 quibus
441 795 560 856 operam
585 776 791 858 inpenderem,
822 779 961 856 quoniam
984 778 1088 858 plenos
1116 778 1194 838 utili-

181 869 250 930 tatis
272 867 407 946 conperi3
431 864 562 944 alioquin
585 883 774 926 excusassem
796 885 852 946 me,
876 869 1060 945 propositum
1081 866 1221 927 habenas

181 955 256 1016 nihil
278 974 338 1016 non
362 955 484 1034 dignum
509 954 629 1015 sublimi
652 953 853 1015 Romanorum
876 957 1030 1015 maiestate
1056 955 1092 1015 de
1116 955 1194 1014 bono

180 1045 345 1105 medicinae
373 1045 445 1103 artis
473 1043 712 1122 splendidissime
741 1042 873 1104 scribere
902 1043 991 1122 idque
1014 1045 1195 1122 perennitati

181 1141 211 1194 et
234 1132 341 1193 litteris
365 1131 513 1192 mandare.
554 1130 681 1192 Habebit
707 1150 777 1210 ergo
806 1140 836 1192 et
858 1151 1000 1211 praesens
1023 1139 1140 1210 tempus
1165 1140 1194 1192 et

181 1223 283 1282 fertura
309 1221 469 1299 posteritas
497 1222 528 1279 in
557 1219 613 1279 hoc
641 1227 804 1298 perpetuae
838 1220 997 1281 voluntatis
1029 1239 1112 1280 meae
1143 1239 1193 1281 cu-

182 1328 292 1388 raeque
312 1310 513 1386 gratissimum
532 1326 650 1388 munus,
672 1308 819 1386 siquidem
838 1307 915 1368 bona
934 1308 1101 1369 valetudine
1120 1309 1195 1369 nihil
1209 1325 1237 1364 1o

148 1406 229 1460 aest
252 1396 393 1478 pulcrius.
435 1396 508 1456 Dedi
532 1404 631 1457 autem
655 1415 776 1476 operam
805 1405 944 1476 quantam
972 1399 1069 1477 potui,
1097 1405 1131 1458 ut
1158 1398 1195 1457 ad

183 1485 307 1548 verbum
335 1485 542 1566 transferrem,
571 1503 646 1564 quae
673 1487 705 1545 in
729 1484 849 1546 Graecis
878 1484 1102 1546 medicinalibus
1130 1504 1195 1565 rep-

182 1577 261 1656 peri,
285 1593 340 1635 nec
364 1575 564 1634 necessariam
587 1591 691 1634 curam
715 1573 814 1635 cultus
833 1576 975 1634 orationis
993 1577 1103 1655 putavi,
1127 1577 1197 1654 quia

183 1666 296 1725 rectius
325 1663 395 1723 duxi
423 1665 622 1742 proprietates
651 1664 804 1722 nominum
834 1663 922 1724 edere
951 1671 981 1724 et
1008 1682 1072 1724 rem
1095 1682 1196 1724 reram

184 1752 240 1814 sub
272 1751 432 1812 herbarum
465 1753 691 1830 peregrinarum
718 1751 869 1811 vocabulis
900 1751 1056 1831 explicare.
1097 1751 1196 1812 Unum
1211 1767 1240 1808 15

184 1859 278 1920 genus
301 1841 395 1902 fateor
419 1858 466 1900 me
490 1838 693 1900 translationis
716 1839 753 1900 de
774 1840 920 1900 industria
940 1840 1112 1921 declinasse,
1137 1859 1196 1920 quo

183 1930 246 1990 fere
270 1929 376 1990 Graeci
399 1936 525 1989 utuntur
548 1930 579 1988 in
603 1929 888 1989 medicamentorum
908 1931 1074 2010 scripturis,
1098 1931 1196 1990 omnia

184 2019 220 2080 ad
245 2018 405 2079 secundam
428 2034 586 2095 personam
610 2017 793 2095 derigentes:
817 2035 870 2096 ego
892 2036 961 2077 vero
980 2019 1012 2078 in
1030 2036 1118 2078 usum
1136 2037 1196 2078 me·

185 2109 429 2186 dicamentorum,
449 2124 524 2184 quae
547 2105 634 2186 edidi,
654 2108 762 2166 ominis
780 2105 851 2166 boni
869 2107 962 2184 gratia
981 2105 1091 2167 nullam
1107 2107 1198 2167 malui

186 2213 273 2275 quam
300 2196 446 2254 infinitam
474 2196 606 2253 inserere
639 2212 810 2274 personam,
842 2194 1106 2275 admoneremque,
1139 2197 1198 2256 nisi
1213 2210 1241 2250 ao

186 2292 303 2344 certum
325 2281 466 2342 haberem
490 2289 519 2341 te
540 2298 600 2341 non
619 2284 765 2362 ignorare,
788 2301 835 2342 me
854 2282 1027 2344 huiusmodi
1045 2283 1121 2344 bona
1140 2287 1196 2344 uti-

150 2371 278 2432 alitatis
306 2371 400 2448 magis
428 2387 516 2448 quam
545 2369 750 2431 delectationis
774 2389 862 2432 causa
887 2374 1051 2450 scripsisse.
1093 2373 1199 2432 Graeci

185 2459 292 2521 medici
307 2458 439 2538 pondera
454 2458 737 2520 medicamentorum
752 2460 787 2520 ad
803 2461 939 2539 dragmas
954 2461 1106 2540 redigunt3
1123 2479 1198 2539 quae
1283 2473 1284 2502 ³

187 2551 255 2628 quia
279 2547 315 2608 ad
339 2547 494 2607 denarium
522 2554 658 2609 nostrum
682 2550 871 2631 conveniunt,
895 2551 1043 2628 octoginta
1068 2551 1199 2609 enimet

186 2645 327 2717 quattuor
350 2638 381 2696 in
405 2634 511 2695 libram
533 2637 702 2718 incurrunt,
724 2655 779 2716 pro
804 2645 873 2698 nota
896 2636 1025 2698 Graecae
1049 2637 1197 2719 dragmae,
1212 2653 1239 2693 aa

186 2744 262 2806 quae
279 2733 326 2786 est
340 2725 433 2802 ligura
448 2724 515 2784 talis
530 2721 581 2805 <,
601 2733 700 2786 notam
715 2726 830 2786 denarii
843 2725 986 2806 Latinam,
1008 2744 1096 2805 quam
1111 2729 1199 2808 nosti,

186 2816 283 2896 posui,
305 2814 334 2874 id
360 2821 405 2873 est
428 2812 504 2873 hanc
528 2812 562 2893 ll,
586 2822 615 2874 et
638 2815 674 2874 ad
699 2816 763 2876 eius
782 2814 898 2893 pondus
917 2815 1043 2876 Graecas
1062 2814 1199 2894 dragmas

187 2903 313 2982 rediges.
348 2901 387 2962 Et
405 2903 545 2980 quoniam
564 2921 639 2981 quae
660 2903 738 2964 volui
756 2904 906 2983 praelatus
925 2921 1000 2984 sum,
1023 2921 1103 2964 nunc
1123 2922 1199 2982 quae

94 3043 98 3050 .
188 2992 339 3053 desideras
362 2989 524 3069 explicabo.

260 3177 440 3250 aquariam]
461 3177 516 3246 iffi:
536 3196 606 3248 quos
627 3177 785 3236 (dorcatius.
877 3184 893 3234 ὅ
911 3178 942 3232 ni
960 3195 1004 3232 me
1022 3179 1201 3248 propositum
1274 3122 1277 3225 l

188 3251 307 3307 haberet
317 3250 476 3306 Omaoricc.
524 3255 557 3305 10
572 3251 791 3306 valetudinem
805 3249 1022 3306 vditudineam
1064 3256 1096 3304 11
1113 3269 1201 3320 quan-

189 3328 250 3378 tum
270 3321 429 3378 Ooroorc'ua
485 3327 519 3376 18
534 3321 691 3392 derigentes
711 3326 759 3376 lm
778 3321 930 3390 dirigentes
944 3325 996 3377 2m
1050 3327 1082 3376 19
1102 3323 1201 3378 omnia.
1274 3336 1276 3347 ·

190 3394 297 3450 nullam
316 3411 366 3450 om.
422 3391 634 3463 tetragamus.
695 3396 729 3447 25
748 3393 909 3461 draghmae.
973 3396 1007 3446 it
1026 3403 1052 3448 <
1074 3409 1136 3462 epo:
1155 3395 1201 3449 ·Z·.

190 3470 225 3519 28
243 3465 388 3536 quoniam]
408 3462 463 3534 q‘ni.
554 3470 587 3519 29
606 3463 683 3518 Finit
700 3464 822 3533 epistula
841 3461 922 3518 Celsi.
960 3462 1063 3533 Incipit
1082 3465 1202 3534 epistula

194 3535 350 3591 Vindiciani
364 3536 475 3592 comitis
486 3535 688 3592 archiatrorum
703 3534 740 3589 ad
749 3533 981 3590 Valentinianum
994 3535 1200 3606 imperatorem.
