2528 3814
522 135 762 200 -318-

134 301 223 359 tritae
247 297 272 358 Χ
294 297 332 357 lll
355 316 390 358 ex
415 296 475 358 sale
499 305 530 358 et
552 299 659 375 exiguo
683 304 766 358 aceto
790 297 851 357 dati
875 314 942 357 cum
967 315 1060 376 aquae
1084 316 1151 378 cya-

134 387 195 448 this
218 385 256 446 Vl
284 385 358 446 biles
385 385 545 447 deducunt.
587 385 758 446 Meconidos
781 403 900 465 quoque
923 383 1033 446 herbae
1057 404 1151 447 sucus

135 475 248 556 cyathis
272 474 389 537 duobus
412 475 499 535 datus
522 474 653 535 detrahit
675 473 772 535 bilem.
811 472 989 535 Cucurbitae
1008 473 1151 536 domesti·
1252 501 1253 504 ¹

135 582 186 625 cae
210 582 301 625 sucus
325 563 498 643 cyathorum
521 565 614 624 trium
632 581 700 625 cum
719 564 781 624 vini
799 562 859 623 albi
877 561 1012 623 calefacti
1029 561 1151 624 hemina

135 653 221 714 datus
250 660 280 714 et
308 652 365 714 olei
393 654 545 714 semuncia
573 652 703 713 detrabit
730 653 867 730 pituitam
901 659 931 712 et
960 650 1063 732 bilem,
1097 652 1178 713 sede
1253 676 1254 760 y

134 749 265 822 oportet,
296 740 405 820 quibus
432 741 489 802 hoc
517 743 723 820 purgatorium
747 740 848 821 datur,
875 747 910 800 ut
932 748 1036 818 postea
1060 759 1151 820 quam
1253 763 1254 790 r

82 847 115 897 16
134 830 297 910 plurimum
325 829 522 891 deambulent
563 829 733 890 Damasonii
761 829 845 890 radix
873 828 1003 889 detrahit
1027 847 1152 890 sursum

134 919 334 998 deorsumque
352 921 490 999 pituitam
509 926 597 998 atque
616 918 706 979 bilem
726 925 757 980 et
775 936 812 978 ex
830 918 899 978 vino
918 925 948 977 et
962 935 1038 996 aqua
1053 918 1151 979 mulsa

134 1008 215 1090 data3
234 1009 286 1069 sed
305 1009 404 1087 siper
423 1007 510 1069 sellas
530 1007 622 1088 aliqui
640 1009 733 1086 magis
752 1006 879 1068 voluerit
892 1008 1023 1087 purgari,
1042 1024 1150 1068 sucum
1254 982 1255 1036 ἕ

81 1111 114 1162 17
134 1105 243 1177 sumat,
268 1099 294 1156 si
321 1115 441 1157 sursum
469 1115 587 1177 versus,
614 1096 730 1156 radices
759 1097 823 1156 eius
851 1096 985 1173 accipiat.
1031 1094 1150 1157 Veratri
1165 1111 1190 1151 rc

134 1187 213 1264 nigri
236 1185 346 1245 radicis
369 1184 396 1244 Χ
419 1187 552 1245 semissis
575 1192 606 1245 et
629 1186 694 1245 eius
713 1186 801 1246 tertia
819 1185 917 1262 portio
936 1191 1006 1262 pota
1024 1202 1061 1244 ex
1080 1187 1149 1244 vino

133 1291 221 1351 passo
249 1291 303 1352 per
331 1271 417 1332 sellas
445 1272 574 1333 detrahit
601 1272 705 1353 bilem;
732 1275 843 1334 veratri
870 1290 940 1332 vero
969 1291 1061 1334 sucus
1089 1272 1150 1333 albi

133 1361 169 1420 ad
194 1378 362 1422 mensuram
387 1360 501 1420 denarii
522 1362 613 1421 unius
636 1368 726 1439 potus
745 1379 781 1420 ex
800 1379 888 1440 passo
912 1360 1041 1422 detrahit
1059 1363 1149 1440 pitui-

81 1464 114 1513 18
133 1458 193 1510 tam
212 1457 243 1510 et
260 1467 315 1529 per
334 1451 477 1510 vomitum
496 1457 526 1510 et
544 1467 598 1529 per
618 1447 713 1510 sellas.
741 1448 923 1530 chamelaea,
942 1468 1017 1528 quae
1037 1450 1150 1512 dicitur

133 1541 222 1599 restis
237 1538 340 1618 olivae,
356 1556 461 1617 aquam
476 1537 614 1618 detrahit,
629 1537 745 1599 callacit
759 1540 838 1598 enim
852 1537 1028 1618 plurimum3
1044 1539 1148 1600 eadem
1163 1553 1187 1595 15

132 1627 256 1706 prodest
278 1627 449 1707 hydropicis
470 1637 500 1688 et
518 1627 715 1706 elephantiam
733 1626 921 1707 habentibus,
945 1630 971 1688 si
995 1629 1063 1706 quis
1081 1630 1148 1688 eius

132 1718 254 1777 seminis
283 1733 374 1794 grana
401 1733 526 1777 numero
549 1715 604 1776 llll
631 1716 748 1777 dederit
773 1734 808 1776 ex
832 1734 909 1795 aqua
931 1715 1038 1796 mulsa;
1068 1718 1147 1776 eius·

132 1805 200 1865 dem
219 1804 288 1865 folia
308 1812 411 1866 tenera
429 1806 500 1865 trita
519 1813 549 1866 et
567 1807 599 1864 in
613 1804 748 1884 globulos
762 1805 882 1865 redacta
896 1823 1002 1884 aquam
1016 1813 1147 1886 movent,

132 1895 158 1954 si
177 1895 244 1972 quis
264 1912 297 1954 ea
316 1911 370 1972 per
388 1911 477 1954 anum
496 1895 646 1974 iniecerit3
669 1900 796 1973 prosunt
816 1895 896 1954 enim
915 1901 946 1953 et
963 1893 1000 1954 ad
1019 1893 1147 1955 duritias

130 1984 244 2042 ventris
267 1982 406 2043 laxandas
429 1990 459 2042 et
482 1982 518 2043 ad
541 1981 662 2042 morbos
685 1985 854 2042 interaneos
878 1981 1078 2061 depellendos.
1160 1995 1188 2036 2⁰

79 2084 111 2133 19
220 2070 360 2149 Purgatio
383 2073 506 2151 ventriS,
529 2089 605 2150 quae
628 2071 699 2132 facit
722 2071 758 2130 ad
782 2069 952 2131 lumborum
975 2070 1093 2132 dolores
1116 2082 1147 2132 et

131 2159 167 2220 ad
196 2161 328 2221 omnium
356 2158 485 2220 febrium
512 2159 662 2220 molestias
690 2158 891 2240 depellendas,
922 2161 1030 2238 accipit
1057 2159 1145 2222 baec:

131 2248 304 2308 Scamoniae
320 2247 345 2307 Χ
359 2246 421 2327 llll,
439 2250 550 2308 veratri
568 2249 655 2327 nigri,
674 2250 765 2327 anesi,
784 2248 1032 2329 afronitri,nardi
1047 2247 1144 2328 Syria·

130 2355 192 2417 cae,
210 2339 316 2418 casiae,
335 2338 472 2416 cinnami,
491 2337 677 2415 singulorum
695 2335 721 2395 Χ
739 2336 840 2417 binos,
859 2336 968 2397 dantur
986 2335 1059 2398 baec
1074 2339 1144 2398 trita

130 2436 160 2485 et
187 2426 278 2485 mixta
306 2443 374 2485 cum
397 2442 491 2503 aquae
514 2425 627 2486 mulsae
649 2425 783 2506 hemina,
811 2424 898 2487 datur
921 2425 1072 2486 interdurn
1095 2424 1142 2486 vel
1157 2442 1184 2485 aa

130 2532 166 2574 ex
190 2521 273 2574 aceto
296 2512 343 2573 vel
366 2531 402 2573 ex
425 2513 512 2574 melle
535 2514 580 2574 vel
604 2533 640 2574 ex
662 2533 738 2593 aqua
757 2514 832 2596 sola3
855 2513 947 2594 abigit
966 2516 1053 2575 etiam
1073 2533 1143 2575 con-

129 2609 250 2680 ceptum
274 2602 392 2663 leminis
414 2603 646 2681 praegnantibus
670 2603 779 2664 datum.

75 2705 110 2754 20
218 2688 358 2768 Purgatio
382 2693 495 2751 ventris
518 2691 610 2752 altera
629 2694 686 2752 sic:
710 2691 882 2752 Scamouiae
902 2691 927 2751 Χ
946 2690 1009 2771 Xll,
1032 2693 1142 2753 veratri

128 2779 208 2857 nigri
231 2778 256 2838 Χ
275 2778 352 2858 XVI,
381 2782 461 2840 croci
485 2778 510 2838 Χ
535 2779 570 2859 V,
599 2797 715 2860 myrrae
739 2779 765 2840 Χ
788 2779 852 2861 Vll,
880 2781 1010 2840 cinnami
1033 2779 1058 2839 Χ
1082 2779 1141 2860 Vll,

127 2869 248 2946 panacis
271 2867 297 2927 Χ
316 2866 389 2947 Vlll,
412 2869 525 2946 piperis
548 2867 573 2927 Χ
592 2867 625 2949 V,
649 2869 787 2929 afronitri
809 2867 835 2928 Χ
854 2867 904 2949 Vl;
927 2870 998 2929 trita
1018 2868 1092 2928 haec
1111 2876 1141 2930 et
1154 2886 1182 2927 eo

127 2959 158 3015 in
186 2955 339 3036 pulverem
368 2955 487 3016 redacta
515 2956 601 3017 melle
630 2965 877 3036 consparguntur.
918 2956 1012 3018 llatur
1035 2975 1072 3018 ex
1094 2957 1142 3018 his

129 3044 185 3104 ΧΙ
205 3044 225 3104 S
249 3063 285 3106 eu
309 3063 402 3123 aquae
425 3044 549 3123 frigidae
573 3045 620 3107 vel
643 3046 754 3107 calidae
778 3045 891 3126 cyathis
914 3047 1020 3107 tribus.

76 3147 110 3195 21
218 3134 262 3195 lo
286 3144 421 3196 ventrem
439 3133 597 3196 laxandum
616 3135 788 3196 cucurbitae
808 3134 955 3195 silvaticae
975 3139 1141 3196 interaneo-

126 3241 208 3306 rum,
241 3226 420 3306 scamoniae,
452 3224 588 3286 alronitri
624 3226 706 3304 paria
735 3223 866 3303 pondera
898 3225 930 3284 in
963 3242 1055 3285 tinum
1083 3226 1142 3286 tcri

217 3437 232 3486 't
252 3430 420 3489 demasonis.
485 3437 520 3486 14
539 3430 700 3486 chamaelea
717 3432 785 3500 pota
803 3447 884 3499 quae.
949 3434 982 3484 18
1000 3428 1141 3500 globolos.

128 3504 160 3552 19
180 3500 310 3557 duricias.
383 3508 417 3556 25
437 3519 511 3571 aqua
529 3503 630 3560 mulsa.
703 3507 737 3558 26
756 3500 835 3556 abiit.
