2636 3790
490 61 703 125 ,ργ-

83 225 214 284 castorei
234 221 260 282 Χ
279 221 299 282 1.
333 221 485 282 Teruutur
507 223 580 283 haec
600 227 698 287 omnia
718 244 785 285 earm
807 235 890 288 aceto
910 235 940 287 et
957 228 1032 288 iiunt
1048 241 1100 306 pa·

83 311 171 392 stilli;
205 329 273 372 curn
302 330 377 390 opus
406 319 465 391 est,
496 311 651 372 diluuntur
679 321 762 374 aceto
790 323 820 374 et
847 332 915 375 rosa
943 317 974 375 in
1003 315 1099 376 meliis

83 399 312 480 spissitudinem
336 410 424 479 atque
445 403 487 460 ita
510 402 594 462 frons
614 409 644 462 et
662 411 795 481 tempora
814 403 994 464 oblinuntur.
1029 404 1098 464 Per·
1118 412 1134 461 6

83 497 225 550 manente
257 507 328 550 vero
361 491 466 568 eapitis
503 489 605 550 ddore
642 493 795 554 materiam
832 511 952 571 quoque
987 496 1099 554 umoris

57 587 205 658 soportet
229 577 393 638 detrahere·
408 597 445 638 eu
468 597 503 638 eo
526 597 581 657 per
609 597 697 639 nares
724 579 770 639 rei
792 599 847 659 per
874 599 921 662 os;
952 599 1026 660 quae
1049 599 1099 643 res

84 670 174 728 etiam
197 666 362 728 auriculam
380 666 425 726 vei
445 666 563 728 dentem
587 666 756 728 dolentibus
779 668 903 746 prodest
926 687 981 731 nee
1000 672 1099 730 minus

82 759 130 838 iis,
148 755 261 834 quibus
274 755 391 816 subitae
406 757 567 834 vertigines
582 755 787 838 obversantur,
800 775 877 836 quos
892 760 1099 818 scotomaticos

83 845 192 907 Graeci
216 845 332 925 dieunt,
355 846 427 904 item
447 843 587 905 comitiali
605 845 708 905 morbo
725 848 874 925 correptis
894 845 1023 926 prodest,
1047 847 1099 907 sud

83 942 113 994 et
138 932 265 1012 caiigine
289 933 437 1012 inpeditos
461 951 496 992 ex
518 951 623 1011 magna
642 941 727 1012 parto
744 933 830 994 brat.
867 934 982 995 Debent
999 941 1099 996 amem

46 1025 104 1083 nii
128 1022 267 1082 homines
288 1022 385 1101 pridie
409 1021 558 1082 abstinere
579 1029 612 1082 et
635 1022 840 1101 superioribus
864 1023 970 1084 diebus
993 1041 1099 1102 aquam

81 1119 198 1191 potare.
237 1109 294 1170 Per
323 1129 409 1170 nares
432 1129 504 1189 ergo
527 1118 673 1190 purgatur
697 1119 785 1190 caput
807 1111 854 1172 his
877 1111 968 1173 rebus
992 1113 1134 1175 infusist

80 1219 137 1280 per
151 1217 257 1280 cornu,
273 1199 351 1278 qnod
366 1199 477 1259 Graece
492 1199 703 1278 rhinenehptes
719 1207 855 1264 vocatur:
877 1200 1011 1262 Hederae
1025 1220 1099 1262 suco

81 1307 137 1368 per
166 1307 199 1348 se
228 1287 274 1348 vei
301 1287 386 1348 hetae
410 1307 482 1348 suoo
511 1307 579 1349 eum
608 1290 714 1368 exiguo
738 1287 811 1349 flore
835 1291 912 1352 aeris
936 1289 981 1350 vel
1005 1290 1098 1370 cycla-

81 1379 174 1438 minis
208 1395 281 1438 suco
314 1379 405 1437 mixto
436 1376 514 1436 tacte
548 1384 598 1437 aut
631 1395 705 1456 aqua
733 1379 797 1456 pari
825 1395 972 1442 mensura.
1017 1378 1134 1439 nenos

44 1482 69 1523 ra
84 1465 219 1526 detrahit
250 1484 267 1525 e
299 1465 422 1525 naribus
454 1465 601 1544 liquorem
633 1473 663 1526 et
695 1465 768 1528 haec
801 1469 980 1545 conpositio:
1010 1467 1098 1548 Sedis,

82 1557 167 1634 nitri,
192 1556 276 1634 aceti,
298 1552 355 1614 olei
373 1556 492 1628 veteris,
513 1553 616 1634 mallio,
636 1554 820 1633 singularum
839 1573 941 1615 rerum
960 1555 985 1614 ii
1004 1554 1100 1637 binos,

83 1642 258 1722 cyclaminis
285 1644 362 1723 snei,
388 1641 676 1722 staphidosagrias,
705 1661 793 1721 quam
816 1642 939 1706 herbam
963 1643 1100 1720 peducle-

81 1735 174 1813 riam,
208 1731 286 1810 quod
314 1749 366 1791 eos
393 1740 492 1811 necat,
524 1730 644 1810 quidam
673 1729 833 1812 appellant,
862 1729 1047 1808 singulorum
1075 1730 1101 1791 h

81 1821 181 1881 binos.
228 1819 307 1880 idaeo
339 1822 371 1880 in
403 1838 495 1880 arnum
528 1821 620 1880 mixta
647 1818 769 1882 naribus
797 1837 852 1897 per
880 1837 975 1878 eornu
1002 1820 1100 1880 iniun-

39 1927 67 1967 20
82 1909 211 1988 duntur,
245 1908 290 1968 vel
322 1910 413 1986 pinna
445 1908 578 1986 longiore
611 1925 700 1967 nores
728 1909 859 1967 interius
891 1907 1099 1985 perfricantur.

82 1998 160 2059 Cum
190 1999 262 2058 satis
285 1999 380 2058 risum
402 1997 494 2057 fuerit
517 1997 638 2057 unxisse
661 1997 776 2055 umeris
803 2002 854 2056 aut
877 1997 1043 2076 sanguinis,
1067 2005 1101 2057 ut

81 2088 276 2166 reprimatur,
299 2104 374 2164 aqua
396 2085 504 2164 frigida
523 2103 602 2164 pura
625 2102 713 2144 nares
737 2083 850 2144 diutius
878 2082 960 2144 oblui
983 2091 1101 2162 oportet

82 2175 130 2236 vel
155 2193 245 2235 eroco
267 2175 298 2234 in
323 2173 425 2234 eadem
448 2185 596 2235 macerato
616 2173 721 2252 pridie.
759 2172 818 2232 Sed
838 2175 863 2233 si
881 2190 936 2252 por
954 2190 988 2232 os
1007 2175 1100 2252 magis
1120 2187 1136 2236 9

82 2263 244 2325 detrahere
274 2265 387 2322 umoris
416 2263 568 2322 materiam
597 2265 693 2322 visum
719 2261 826 2342 doerit,
855 2264 923 2341 quia
952 2280 1011 2322 non
1035 2263 1100 2322 sine

41 2370 68 2411 es
82 2361 236 2414 tormento
270 2351 396 2430 quodam
428 2369 482 2430 per
514 2369 601 2410 nares
632 2369 668 2410 ea
700 2349 872 2430 deducitur,
910 2350 1100 2412 suadebimus

81 2440 221 2522 pyrethri
249 2439 410 2500 radiculam
439 2439 682 2499 commanducare
706 2445 795 2518 atque
819 2439 945 2500 subinde
967 2439 1100 2500 hiantem

82 2532 146 2610 pati
174 2528 301 2590 fluorem
329 2527 449 2607 salinae,
478 2527 523 2587 vel
551 2545 637 2587 uvam
664 2545 782 2606 passam
810 2547 877 2588 cum
906 2530 1018 2607 piperis
1042 2527 1101 2587 athi

82 2619 209 2679 totidem
239 2619 339 2694 granis
365 2615 500 2676 dabimus
524 2615 825 2676 commanducandum
853 2625 883 2676 et
907 2616 1100 2696 expuendam,

83 2725 180 2786 aeque
214 2707 293 2790 onim
326 2714 355 2766 et
386 2705 459 2764 haec
491 2704 642 2764 deducunt
670 2707 817 2783 pituitam.
859 2703 943 2764 dione
972 2704 1043 2764 iacit
1072 2711 1102 2764 et

42 2823 69 2862 oo
83 2796 191 2874 senapi
213 2813 250 2854 eu
274 2801 357 2854 aceto
377 2795 497 2873 tritum,
523 2793 573 2853 sed
598 2811 657 2852 non
678 2801 893 2874 eructuatum,
915 2795 1101 2871 gargarizare
1130 2811 1134 2820 ·

83 2887 176 2946 trium
207 2881 381 2962 cyathorum
410 2899 549 2944 mensura
577 2881 706 2942 admista
733 2881 829 2942 meiiis
852 2880 928 2942 libra
952 2899 1023 2962 una3
1053 2881 1101 2942 de·

82 2972 178 3034 trahit
198 2973 277 3032 enim
296 2971 417 3031 ethaeo
436 2971 602 3048 conpositio
621 2970 742 3048 largiter
760 2972 906 3049 pituitam.
939 2970 1012 3031 Cam
1030 2988 1100 3030 vero
1121 2983 1154 3034 10

82 3062 136 3122 diu
166 3067 258 3140 caput
281 3059 374 3139 dolet,
403 3067 432 3120 et
455 3059 612 3119 adtonderi
635 3061 768 3137 pressius
792 3066 823 3118 et
846 3058 946 3119 adradi
970 3059 1101 3139 prodest,

82 3161 118 3212 nt
146 3151 244 3228 possit
271 3148 385 3209 diutius
413 3148 526 3228 fricari,
555 3155 584 3208 et
612 3165 687 3226 aqua
716 3147 808 3208 calida
833 3147 930 3208 'foveri
958 3166 1032 3226 pura
1056 3147 1102 3208 vel

156 3283 327 3339 thameris.
372 3283 612 3338 ascutomatioos.
648 3281 841 3337 soumioiole.
881 3288 913 3336 10
929 3281 971 3335 hii
986 3281 1101 3336 omines.

81 3353 229 3413 abstineri.
279 3361 310 3408 12
330 3353 498 3423 rhineoytes.
545 3359 577 3406 21
598 3353 729 3407 humoris.
777 3359 811 3408 26
829 3351 936 3421 pyretri
986 3357 1019 3406 27
1038 3368 1103 3406 oum

87 3446 139 3485 ont.
178 3431 213 3482 28
233 3425 527 3508 oummandueandam.
565 3429 599 3478 29
618 3425 717 3492 ireque.
756 3428 788 3476 31
813 3422 914 3476 libram
933 3439 1026 3476 unam.
