2636 3790
479 127 692 192 ..49-

87 293 210 371 linguam
238 291 335 372 bovis,
367 290 459 352 addes
486 292 575 351 etiam
599 308 684 350 rosae
707 291 870 371 heminam3
898 290 1092 354 haecomnia

87 384 116 442 in
134 380 217 441 ollam
237 382 351 461 mittes,
370 387 525 459 praeterea
544 378 634 440 addes
652 379 844 440 iuriuriculas
863 381 894 440 in
913 379 1004 442 linteo
1023 380 1092 460 liga·

86 479 128 531 tas
150 469 186 529 ad
209 469 279 549 boc,
303 476 337 528 ut
360 467 587 530 amaritudinem
610 467 719 528 herbae
743 467 886 530 deliniant
912 477 942 529 et
965 471 1007 530 sio
1031 470 1092 532 lun

86 557 225 620 luriculae
249 560 331 636 ipsae
349 559 381 617 in
400 555 525 617 saccello
544 555 745 636 combulliant,
769 556 841 618 haec
860 559 958 618 omnia
975 558 1012 618 ad
1033 567 1092 620 ter

62 649 139 708 otias
166 647 316 726 decoques
346 654 376 706 et
403 645 537 724 tepidum
566 644 772 723 gargarizabis.
818 644 1093 724 Experimeutatum
1113 635 1175 708 18(

85 735 246 796 remedium
279 734 435 796 adversum
467 735 657 813 ingruentem
693 742 857 814 catarrum,
891 741 925 794 nt
957 751 1030 794 cena
1062 742 1092 795 te

85 824 230 885 abstineas
254 831 284 884 ct
306 822 342 884 ab
368 821 470 884 holere
494 829 524 884 et
546 821 681 883 archus
710 820 796 882 salsis
823 829 854 882 et
880 820 1093 903 liquaminosis,

85 931 150 974 nam
174 911 371 990 indigestione
394 909 455 972 cihi
478 918 508 972 et
529 912 600 970 vitio
620 909 775 972 cruditatis
794 911 928 972 nascitur
946 919 1093 991 catarrum
1156 916 1161 955 ¹

84 1000 291 1062 abstinendum
314 1017 383 1060 sane
407 1006 476 1060 ante
499 1001 597 1060 omnia
620 997 780 1078 pinguibus
804 997 887 1060 cibis.
925 997 984 1060 Sed
1008 1001 1034 1060 si
1057 999 1093 1060 de

49 1110 71 1152 ao
84 1090 276 1169 perfrictione
309 1088 400 1150 luerit
435 1096 582 1168 catarrus,
621 1086 812 1148 caldamentis
849 1086 988 1150 adhibitis
1025 1086 1093 1150 ilico

84 1180 230 1256 sopietur:
254 1177 333 1256 qnod
358 1179 383 1236 si
406 1176 443 1236 de
466 1176 628 1256 cruditate,
651 1175 816 1254 placabitur
838 1175 887 1238 illa
910 1195 943 1237 re
966 1175 1037 1258 sola,
1061 1185 1094 1238 ut

83 1283 142 1326 non
167 1273 304 1346 canetur,
327 1265 421 1326 donec
444 1266 563 1344 penitus
581 1263 680 1325 liunus
699 1265 763 1326 eius
782 1273 910 1346 arescat,
933 1283 1002 1326 cunr
1025 1264 1094 1326 sub·

84 1357 207 1416 strictus
231 1353 334 1433 inerit,
361 1353 398 1414 ad
422 1352 667 1414 consuetudinem
691 1353 817 1414 cenandi
839 1356 1009 1416 reverteris.
1050 1353 1093 1414 Ad
1115 1365 1146 1415 19

83 1450 233 1503 catarrum
251 1441 505 1520 restringendum:
537 1441 629 1520 Sapae
650 1441 785 1502 heminas
808 1449 870 1504 tres
893 1449 924 1506 et
946 1445 1094 1504 satureiae

43 1530 259 1594 infasciculum
283 1540 313 1590 et
334 1529 440 1609 hysopi
462 1529 643 1609 aliquantum
662 1531 777 1592 lervere
797 1530 885 1594 simul
903 1531 1004 1612 iacies,
1023 1549 1094 1610 qno·

83 1637 181 1697 usqne
204 1619 272 1680 inde
297 1620 444 1680 sextarius
467 1619 526 1698 liat,
549 1625 579 1678 et
602 1620 645 1680 sic
669 1617 901 1697 gargarizabitur
924 1627 970 1680 ter
993 1621 1023 1679 in
1047 1618 1095 1678 die

82 1711 113 1768 in
142 1707 208 1768 loco
236 1707 336 1786 tepido
365 1715 415 1768 aut
442 1705 479 1767 ad
507 1705 600 1768 solem
627 1717 716 1785 atquc
744 1706 800 1766 hoc
829 1716 888 1768 tam
916 1705 968 1767 diu
996 1705 1096 1786 iacies,
1211 1754 1214 1760 .

82 1796 180 1856 donec
203 1795 372 1856 inhibeatur
395 1796 491 1857 omnis
514 1802 661 1874 catanus,
689 1802 777 1872 atque
801 1793 859 1854 illis
881 1793 1001 1868 diebus,
1031 1794 1095 1873 qui·
1213 1838 1219 1846 .

83 1884 142 1945 hus
166 1885 340 1964 gargarizes,
364 1882 526 1945 abstinebis
550 1883 711 1963 liquamine
735 1889 765 1944 ct
787 1882 889 1944 holere
908 1889 939 1942 et
956 1881 1043 1944 salsis
1061 1900 1095 1943 ac

40 1996 67 2034 co
81 1971 246 2053 pinguibus
265 1972 348 2034 cibis.
378 1971 422 2034 ln
443 1981 592 2034 catarrum
616 1970 858 2049 restringendum
877 1971 1009 2050 quinque
1029 1989 1095 2050 par·
1114 1983 1149 2032 to

81 2072 130 2122 tes
159 2063 220 2122 vini
247 2071 277 2121 et
304 2069 417 2122 sextam
445 2059 540 2122 mellis
568 2059 708 2124 miscebis
736 2077 770 2121 ac
803 2059 962 2138 tapeiacies
995 2067 1025 2120 et
1052 2060 1096 2120 sic

80 2149 290 2230 gargarizabis.

516 2252 595 2314 CAP.
620 2252 664 2314 Vl.

93 2367 267 2438 Alopeoits
290 2371 325 2423 et
347 2366 446 2423 tineis
470 2367 505 2422 et
527 2365 649 2436 capillo
671 2365 792 2422 fluenti
814 2368 919 2436 atque
939 2365 1083 2423 infirmo.

174 2502 282 2583 Herba,
306 2521 381 2583 quae
405 2501 515 2564 dicitnr
537 2501 736 2564 trichomanes
761 2502 805 2563 vel
824 2502 971 2582 adianton,
995 2501 1131 2564 eadem1

80 2601 113 2654 et
138 2591 320 2654 callitrichos
343 2591 521 2671 appellatur,
550 2599 674 2653 contusa
702 2600 732 2652 et
760 2609 829 2654 cum
857 2590 921 2652 oleo
944 2589 1028 2652 inlita
1051 2588 1098 2652 rel

40 2701 66 2742 25
80 2686 202 2742 incocta
222 2680 368 2760 alopecias
387 2679 472 2742 iacile
491 2687 584 2741 curat.
615 2679 693 2758 Cepe
711 2679 841 2760 longum,
860 2678 940 2760 quod
959 2679 1097 2758 oepntius
1116 2691 1133 2740 2

80 2771 269 2850 nominatur,
299 2787 390 2848 snper
417 2769 563 2848 alopecias
591 2771 679 2830 terito
707 2768 894 2848 frequenter,
928 2779 987 2847 qno
1020 2769 1097 2829 iacto

79 2858 208 2939 capillos
232 2860 377 2918 nratnrins
400 2857 551 2918 excitabis.
588 2855 680 2918 Nucis
703 2858 842 2938 escariae,
866 2856 896 2919 id
921 2864 967 2917 est
985 2855 1133 2934 ingiam-a

79 2949 143 3028 dis,
173 2955 250 3008 testa
273 2954 397 3008 contusa
422 2946 466 3006 vel
491 2945 646 3008 combusta
670 2954 700 3006 et
723 2946 891 3008 minutatim
915 2946 986 3007 trita
1009 2951 1097 3023 atque
1117 2955 1134 3004 4

79 3037 202 3098 adiecto
226 3035 291 3096 oleo
315 3036 443 3113 inposita
466 3035 612 3098 inlautum
635 3033 775 3114 alopeciis
798 3032 897 3113 capilli
924 3041 1133 3094 nascuntur.n

36 3147 64 3186 oo
79 3125 238 3186 inlautum
266 3123 464 3202 alopeciarum
493 3125 562 3185 uitia
590 3125 745 3186 anserinae
778 3122 872 3202 adipis
904 3123 1136 3202 perfrictiones

80 3213 276 3293 supplentur.
313 3210 548 3274 Gallinaceorum
572 3220 690 3273 stereus
712 3229 781 3272 cum
800 3209 864 3272 olco
884 3218 1013 3290 unoque
1031 3226 1098 3288 per·

79 3305 213 3362 mixtum
236 3301 376 3379 alopeciis
399 3299 471 3361 utile
495 3308 549 3362 est.
592 3300 688 3379 Adeps
712 3301 814 3362 ursina
832 3317 900 3360 cum
920 3299 1028 3378 iungis,
1048 3296 1100 3374 qui

78 3395 113 3451 in
135 3390 245 3470 lychno
264 3389 403 3450 lucernae
423 3398 627 3463 concrescunt,
647 3388 769 3450 subacta
788 3396 818 3449 et
837 3387 976 3466 alopeciis
990 3402 1098 3464 perun·

79 3481 186 3540 ctione
210 3479 338 3558 inposita
361 3479 488 3556 pristino
512 3477 614 3540 decori
636 3483 726 3559 caput
747 3483 883 3538 revocato
908 3476 990 3536 crine
1013 3474 1100 3534 resti·

139 3588 304 3642 Manonnnus,
319 3599 359 3629 nn.
373 3588 530 3628 Hannunron.
924 3577 941 3626 4
