<?xml version="1.0" encoding="UTF-8"?>
<!DOCTYPE html PUBLIC "-//W3C//DTD XHTML 1.0 Transitional//EN"
    "http://www.w3.org/TR/xhtml1/DTD/xhtml1-transitional.dtd">
<html xmlns="http://www.w3.org/1999/xhtml" xml:lang="en" lang="en">
 <head>
  <title>
</title>
<meta http-equiv="Content-Type" content="text/html;charset=utf-8" />
  <meta name='ocr-system' content='tesseract 3.04.00' />
  <meta name='ocr-capabilities' content='ocr_page ocr_carea ocr_par ocr_line ocrx_word'/>
</head>
<body>
  <div class='ocr_page' id='page_1' title='image "./marcellidemedic02helmgoog_0249.png"; bbox 0 0 2540 3802; ppageno 0'>
   <div class='ocr_carea' id='block_1_1' title="bbox 472 131 708 195">
    <p class='ocr_par' dir='ltr' id='par_1_1' title="bbox 472 131 708 195">
     <span class='ocr_line' id='line_1_1' title="bbox 472 131 708 195; baseline 0 0"><span class='ocrx_word' id='word_1_1' title='bbox 472 131 708 195; x_wconf 79' lang='lat'><strong>-237-</strong></span> 
     </span>
    </p>
   </div>
   <div class='ocr_carea' id='block_1_2' title="bbox 4 291 1149 1798">
    <p class='ocr_par' dir='ltr' id='par_1_2' title="bbox 80 291 1095 467">
     <span class='ocr_line' id='line_1_2' title="bbox 81 291 1094 374; baseline 0.006 -22"><span class='ocrx_word' id='word_1_2' title='bbox 81 293 134 353; x_wconf 95' lang='lat' dir='ltr'><strong>ubi</strong></span> <span class='ocrx_word' id='word_1_3' title='bbox 163 293 200 353; x_wconf 92' lang='lat' dir='ltr'><strong>de</strong></span> <span class='ocrx_word' id='word_1_4' title='bbox 227 291 342 372; x_wconf 81' lang='lat' dir='ltr'>pecude</span> <span class='ocrx_word' id='word_1_5' title='bbox 366 291 501 352; x_wconf 91' lang='lat' dir='ltr'><strong>sublatus</strong></span> <span class='ocrx_word' id='word_1_6' title='bbox 525 293 628 374; x_wconf 85' lang='lat' dir='ltr'><strong>fuerit,</strong></span> <span class='ocrx_word' id='word_1_7' title='bbox 654 312 745 372; x_wconf 93' lang='lat' dir='ltr'><strong>super</strong></span> <span class='ocrx_word' id='word_1_8' title='bbox 768 294 876 354; x_wconf 91' lang='lat' dir='ltr'><strong>lienem</strong></span> <span class='ocrx_word' id='word_1_9' title='bbox 899 295 1028 357; x_wconf 91' lang='lat' dir='ltr'><strong>bominis</strong></span> <span class='ocrx_word' id='word_1_10' title='bbox 1050 300 1094 358; x_wconf 92' lang='lat' dir='ltr'><strong>in·</strong></span> 
     </span>
     <span class='ocr_line' id='line_1_3' title="bbox 80 379 1095 467; baseline 0.005 -25"><span class='ocrx_word' id='word_1_11' title='bbox 80 384 198 461; x_wconf 90' lang='lat' dir='ltr'><strong>positus</strong></span> <span class='ocrx_word' id='word_1_12' title='bbox 217 388 246 441; x_wconf 90' lang='lat' dir='ltr'><strong>et</strong></span> <span class='ocrx_word' id='word_1_13' title='bbox 266 379 401 459; x_wconf 88' lang='lat' dir='ltr'><strong>alligatus</strong></span> <span class='ocrx_word' id='word_1_14' title='bbox 421 383 495 442; x_wconf 91' lang='lat' dir='ltr'><strong>mire</strong></span> <span class='ocrx_word' id='word_1_15' title='bbox 514 381 646 442; x_wconf 93' lang='lat' dir='ltr'><strong>dolorem</strong></span> <span class='ocrx_word' id='word_1_16' title='bbox 664 385 743 443; x_wconf 89' lang='lat' dir='ltr'><strong>intra</strong></span> <span class='ocrx_word' id='word_1_17' title='bbox 761 401 873 462; x_wconf 89' lang='lat' dir='ltr'><strong>paucos</strong></span> <span class='ocrx_word' id='word_1_18' title='bbox 892 384 956 446; x_wconf 90' lang='lat' dir='ltr'><strong>dies</strong></span> <span class='ocrx_word' id='word_1_19' title='bbox 971 387 1095 467; x_wconf 82' lang='lat' dir='ltr'><strong>auferet,</strong></span> 
     </span>
    </p>

    <p class='ocr_par' dir='ltr' id='par_1_3' title="bbox 81 469 1148 640">
     <span class='ocr_line' id='line_1_4' title="bbox 81 469 1148 552; baseline 0.006 -22"><span class='ocrx_word' id='word_1_20' title='bbox 81 473 107 530; x_wconf 91' lang='lat' dir='ltr'><strong>si</strong></span> <span class='ocrx_word' id='word_1_21' title='bbox 125 477 231 548; x_wconf 89' lang='lat' dir='ltr'><strong>postea</strong></span> <span class='ocrx_word' id='word_1_22' title='bbox 250 469 286 530; x_wconf 86' lang='lat' dir='ltr'><strong>ad</strong></span> <span class='ocrx_word' id='word_1_23' title='bbox 306 470 420 530; x_wconf 85' lang='lat' dir='ltr'><strong>fumum</strong></span> <span class='ocrx_word' id='word_1_24' title='bbox 439 469 647 552; x_wconf 88' lang='lat' dir='ltr'><strong>suspendatur,</strong></span> <span class='ocrx_word' id='word_1_25' title='bbox 665 479 699 531; x_wconf 91' lang='lat' dir='ltr'><strong>ut</strong></span> <span class='ocrx_word' id='word_1_26' title='bbox 713 471 774 532; x_wconf 93' lang='lat' dir='ltr'><strong>illic</strong></span> <span class='ocrx_word' id='word_1_27' title='bbox 789 481 911 533; x_wconf 90' lang='lat' dir='ltr'><strong>arescat.</strong></span> <span class='ocrx_word' id='word_1_28' title='bbox 944 473 1095 536; x_wconf 90' lang='lat' dir='ltr'><strong>Haedinus</strong></span> <span class='ocrx_word' id='word_1_29' title='bbox 1114 487 1148 536; x_wconf 83' lang='lat'><strong>33</strong></span> 
     </span>
     <span class='ocr_line' id='line_1_5' title="bbox 82 557 1094 640; baseline 0.005 -21"><span class='ocrx_word' id='word_1_30' title='bbox 82 577 152 619; x_wconf 87' lang='lat' dir='ltr'><strong>vero</strong></span> <span class='ocrx_word' id='word_1_31' title='bbox 176 558 236 618; x_wconf 91' lang='lat' dir='ltr'><strong>lien</strong></span> <span class='ocrx_word' id='word_1_32' title='bbox 260 557 398 618; x_wconf 90' lang='lat' dir='ltr'><strong>similiter</strong></span> <span class='ocrx_word' id='word_1_33' title='bbox 421 566 455 618; x_wconf 93' lang='lat' dir='ltr'><strong>ut</strong></span> <span class='ocrx_word' id='word_1_34' title='bbox 477 558 612 619; x_wconf 90' lang='lat' dir='ltr'><strong>hircinus</strong></span> <span class='ocrx_word' id='word_1_35' title='bbox 636 577 727 638; x_wconf 90' lang='lat' dir='ltr'><strong>super</strong></span> <span class='ocrx_word' id='word_1_36' title='bbox 751 560 883 640; x_wconf 85' lang='lat' dir='ltr'><strong>splenem</strong></span> <span class='ocrx_word' id='word_1_37' title='bbox 906 562 1027 624; x_wconf 89' lang='lat' dir='ltr'><strong>infantis</strong></span> <span class='ocrx_word' id='word_1_38' title='bbox 1047 564 1094 624; x_wconf 89' lang='lat' dir='ltr'><strong>ad-</strong></span> 
     </span>
    </p>

    <p class='ocr_par' dir='ltr' id='par_1_4' title="bbox 54 647 906 725">
     <span class='ocr_line' id='line_1_6' title="bbox 54 647 906 725; baseline 0.007 -21"><span class='ocrx_word' id='word_1_39' title='bbox 54 649 199 725; x_wconf 81' lang='lat' dir='ltr'><strong>spositus</strong></span> <span class='ocrx_word' id='word_1_40' title='bbox 222 655 253 707; x_wconf 90' lang='lat' dir='ltr'><strong>et</strong></span> <span class='ocrx_word' id='word_1_41' title='bbox 278 655 409 706; x_wconf 92' lang='lat' dir='ltr'><strong>tumores</strong></span> <span class='ocrx_word' id='word_1_42' title='bbox 433 654 463 707; x_wconf 92' lang='lat' dir='ltr'><strong>et</strong></span> <span class='ocrx_word' id='word_1_43' title='bbox 486 647 618 707; x_wconf 92' lang='lat' dir='ltr'><strong>dolorem</strong></span> <span class='ocrx_word' id='word_1_44' title='bbox 642 651 706 708; x_wconf 93' lang='lat' dir='ltr'><strong>eius</strong></span> <span class='ocrx_word' id='word_1_45' title='bbox 730 648 906 710; x_wconf 80' lang='lat' dir='ltr'><strong>emendabit.</strong></span> 
     </span>
    </p>

    <p class='ocr_par' dir='ltr' id='par_1_5' title="bbox 4 734 1149 1082">
     <span class='ocr_line' id='line_1_7' title="bbox 169 734 1149 819; baseline 0.005 -25"><span class='ocrx_word' id='word_1_46' title='bbox 169 736 193 794; x_wconf 91' lang='grc' dir='ltr'>Α</span> <span class='ocrx_word' id='word_1_47' title='bbox 222 735 301 796; x_wconf 93' lang='lat' dir='ltr'><strong>lanio</strong></span> <span class='ocrx_word' id='word_1_48' title='bbox 328 734 436 795; x_wconf 90' lang='lat' dir='ltr'><strong>lienem</strong></span> <span class='ocrx_word' id='word_1_49' title='bbox 465 735 549 796; x_wconf 88' lang='lat' dir='ltr'><strong>vituli</strong></span> <span class='ocrx_word' id='word_1_50' title='bbox 578 739 682 815; x_wconf 92' lang='lat' dir='ltr'><strong>quanti</strong></span> <span class='ocrx_word' id='word_1_51' title='bbox 708 737 836 798; x_wconf 89' lang='lat' dir='ltr'><strong>voluerit</strong></span> <span class='ocrx_word' id='word_1_52' title='bbox 863 756 944 798; x_wconf 94' lang='lat' dir='ltr'><strong>emes</strong></span> <span class='ocrx_word' id='word_1_53' title='bbox 967 751 1149 819; x_wconf 74' lang='lat' dir='ltr'><strong>cumquest</strong></span> 
     </span>
     <span class='ocr_line' id='line_1_8' title="bbox 79 823 1094 907; baseline 0.004 -22.725"><span class='ocrx_word' id='word_1_54' title='bbox 79 823 212 885; x_wconf 91' lang='lat' dir='ltr'><strong>medium</strong></span> <span class='ocrx_word' id='word_1_55' title='bbox 235 823 388 884; x_wconf 85' lang='lat' dir='ltr'><strong>exsecabis</strong></span> <span class='ocrx_word' id='word_1_56' title='bbox 408 826 532 884; x_wconf 84' lang='lat' dir='ltr'><strong>servatis</strong></span> <span class='ocrx_word' id='word_1_57' title='bbox 554 826 678 903; x_wconf 84' lang='lat' dir='ltr'><strong>integris</strong></span> <span class='ocrx_word' id='word_1_58' title='bbox 698 828 763 886; x_wconf 91' lang='lat' dir='ltr'><strong>eius</strong></span> <span class='ocrx_word' id='word_1_59' title='bbox 782 826 934 907; x_wconf 91' lang='lat' dir='ltr'><strong>lateribus,</strong></span> <span class='ocrx_word' id='word_1_60' title='bbox 958 835 991 887; x_wconf 93' lang='lat' dir='ltr'><strong>ut</strong></span> <span class='ocrx_word' id='word_1_61' title='bbox 1010 828 1094 888; x_wconf 93' lang='lat' dir='ltr'><strong>undi-</strong></span> 
     </span>
     <span class='ocr_line' id='line_1_9' title="bbox 4 913 1093 995; baseline 0.004 -23"><span class='ocrx_word' id='word_1_62' title='bbox 4 913 6 962; x_wconf 79' lang='lat' dir='ltr'><strong>l</strong></span> <span class='ocrx_word' id='word_1_63' title='bbox 81 931 139 992; x_wconf 90' lang='lat' dir='ltr'><strong>que</strong></span> <span class='ocrx_word' id='word_1_64' title='bbox 159 914 354 991; x_wconf 90' lang='lat' dir='ltr'><strong>contineatur,</strong></span> <span class='ocrx_word' id='word_1_65' title='bbox 374 919 462 991; x_wconf 90' lang='lat' dir='ltr'><strong>atque</strong></span> <span class='ocrx_word' id='word_1_66' title='bbox 482 931 559 994; x_wconf 92' lang='lat' dir='ltr'><strong>eum,</strong></span> <span class='ocrx_word' id='word_1_67' title='bbox 578 917 631 992; x_wconf 91' lang='lat' dir='ltr'><strong>qui</strong></span> <span class='ocrx_word' id='word_1_68' title='bbox 645 913 724 974; x_wconf 89' lang='lat' dir='ltr'><strong>dolet</strong></span> <span class='ocrx_word' id='word_1_69' title='bbox 739 914 881 995; x_wconf 78' lang='lat' dir='ltr'><strong>splenem,</strong></span> <span class='ocrx_word' id='word_1_70' title='bbox 899 917 930 975; x_wconf 94' lang='lat' dir='ltr'><strong>in</strong></span> <span class='ocrx_word' id='word_1_71' title='bbox 945 915 1093 976; x_wconf 87' lang='lat' dir='ltr'><strong>balineum</strong></span> 
     </span>
     <span class='ocr_line' id='line_1_10' title="bbox 80 1001 1094 1082; baseline 0.003 -20"><span class='ocrx_word' id='word_1_72' title='bbox 80 1002 173 1062; x_wconf 90' lang='lat' dir='ltr'><strong>duces</strong></span> <span class='ocrx_word' id='word_1_73' title='bbox 197 1007 228 1061; x_wconf 91' lang='lat' dir='ltr'><strong>et</strong></span> <span class='ocrx_word' id='word_1_74' title='bbox 250 1019 305 1079; x_wconf 93' lang='lat' dir='ltr'><strong>per</strong></span> <span class='ocrx_word' id='word_1_75' title='bbox 327 1001 454 1060; x_wconf 90' lang='lat' dir='ltr'><strong>mediam</strong></span> <span class='ocrx_word' id='word_1_76' title='bbox 478 1003 640 1063; x_wconf 82' lang='lat' dir='ltr'><strong>scissuram</strong></span> <span class='ocrx_word' id='word_1_77' title='bbox 662 1002 742 1063; x_wconf 91' lang='lat' dir='ltr'><strong>illius</strong></span> <span class='ocrx_word' id='word_1_78' title='bbox 764 1003 852 1063; x_wconf 91' lang='lat' dir='ltr'><strong>lienis</strong></span> <span class='ocrx_word' id='word_1_79' title='bbox 875 1022 891 1062; x_wconf 91' lang='lat' dir='ltr'><strong>a</strong></span> <span class='ocrx_word' id='word_1_80' title='bbox 915 1007 1010 1082; x_wconf 89' lang='lat' dir='ltr'><strong>capite</strong></span> <span class='ocrx_word' id='word_1_81' title='bbox 1030 1023 1094 1065; x_wconf 90' lang='lat' dir='ltr'><strong>cor·</strong></span> 
     </span>
    </p>

    <p class='ocr_par' dir='ltr' id='par_1_6' title="bbox 40 1091 1095 1504">
     <span class='ocr_line' id='line_1_11' title="bbox 40 1091 1094 1171; baseline 0.007 -25"><span class='ocrx_word' id='word_1_82' title='bbox 40 1108 67 1146; x_wconf 91' lang='lat'><strong>10</strong></span> <span class='ocrx_word' id='word_1_83' title='bbox 80 1109 139 1168; x_wconf 93' lang='lat' dir='ltr'><strong>pus</strong></span> <span class='ocrx_word' id='word_1_84' title='bbox 163 1091 228 1150; x_wconf 92' lang='lat' dir='ltr'><strong>eius</strong></span> <span class='ocrx_word' id='word_1_85' title='bbox 252 1107 338 1149; x_wconf 88' lang='lat' dir='ltr'><strong>omne</strong></span> <span class='ocrx_word' id='word_1_86' title='bbox 362 1091 539 1170; x_wconf 75' lang='lat' dir='ltr'><strong>summittes,</strong></span> <span class='ocrx_word' id='word_1_87' title='bbox 562 1093 603 1151; x_wconf 91' lang='lat' dir='ltr'><strong>ita</strong></span> <span class='ocrx_word' id='word_1_88' title='bbox 626 1100 660 1151; x_wconf 91' lang='lat' dir='ltr'><strong>ut</strong></span> <span class='ocrx_word' id='word_1_89' title='bbox 683 1111 778 1170; x_wconf 88' lang='lat' dir='ltr'><strong>usque</strong></span> <span class='ocrx_word' id='word_1_90' title='bbox 802 1093 838 1151; x_wconf 89' lang='lat' dir='ltr'><strong>ad</strong></span> <span class='ocrx_word' id='word_1_91' title='bbox 857 1092 948 1171; x_wconf 92' lang='lat' dir='ltr'><strong>pedes</strong></span> <span class='ocrx_word' id='word_1_92' title='bbox 966 1093 1025 1153; x_wconf 90' lang='lat' dir='ltr'><strong>lien</strong></span> <span class='ocrx_word' id='word_1_93' title='bbox 1045 1094 1094 1154; x_wconf 93' lang='lat' dir='ltr'><strong>de·</strong></span> 
     </span>
     <span class='ocr_line' id='line_1_12' title="bbox 81 1177 1094 1260; baseline 0.003 -22"><span class='ocrx_word' id='word_1_94' title='bbox 81 1179 174 1258; x_wconf 82' lang='lat' dir='ltr'><strong>cidat3</strong></span> <span class='ocrx_word' id='word_1_95' title='bbox 198 1177 388 1257; x_wconf 90' lang='lat' dir='ltr'><strong>postmodum</strong></span> <span class='ocrx_word' id='word_1_96' title='bbox 412 1180 510 1256; x_wconf 91' lang='lat' dir='ltr'><strong>ipsum</strong></span> <span class='ocrx_word' id='word_1_97' title='bbox 533 1178 642 1240; x_wconf 88' lang='lat' dir='ltr'><strong>lienem</strong></span> <span class='ocrx_word' id='word_1_98' title='bbox 665 1182 696 1240; x_wconf 91' lang='lat' dir='ltr'><strong>in</strong></span> <span class='ocrx_word' id='word_1_99' title='bbox 720 1180 801 1240; x_wconf 89' lang='lat' dir='ltr'><strong>fumo</strong></span> <span class='ocrx_word' id='word_1_100' title='bbox 821 1181 986 1258; x_wconf 90' lang='lat' dir='ltr'><strong>suspendes</strong></span> <span class='ocrx_word' id='word_1_101' title='bbox 1005 1191 1094 1260; x_wconf 90' lang='lat' dir='ltr'><strong>atque</strong></span> 
     </span>
     <span class='ocr_line' id='line_1_13' title="bbox 81 1267 1094 1345; baseline 0.002 -17"><span class='ocrx_word' id='word_1_102' title='bbox 81 1267 199 1328; x_wconf 86' lang='lat' dir='ltr'><strong>arefieri</strong></span> <span class='ocrx_word' id='word_1_103' title='bbox 227 1267 330 1344; x_wconf 81' lang='lat' dir='ltr'><strong>facies3</strong></span> <span class='ocrx_word' id='word_1_104' title='bbox 365 1284 423 1345; x_wconf 92' lang='lat' dir='ltr'><strong>quo</strong></span> <span class='ocrx_word' id='word_1_105' title='bbox 453 1267 531 1328; x_wconf 89' lang='lat' dir='ltr'><strong>facto</strong></span> <span class='ocrx_word' id='word_1_106' title='bbox 562 1286 630 1328; x_wconf 92' lang='lat' dir='ltr'><strong>cum</strong></span> <span class='ocrx_word' id='word_1_107' title='bbox 660 1269 828 1328; x_wconf 92' lang='lat' dir='ltr'><strong>tumoribus</strong></span> <span class='ocrx_word' id='word_1_108' title='bbox 859 1271 947 1329; x_wconf 91' lang='lat' dir='ltr'><strong>etiam</strong></span> <span class='ocrx_word' id='word_1_109' title='bbox 975 1269 1094 1331; x_wconf 91' lang='lat' dir='ltr'><strong>dolores</strong></span> 
     </span>
     <span class='ocr_line' id='line_1_14' title="bbox 81 1354 1095 1436; baseline 0.006 -22"><span class='ocrx_word' id='word_1_110' title='bbox 81 1355 168 1416; x_wconf 91' lang='lat' dir='ltr'><strong>lienis</strong></span> <span class='ocrx_word' id='word_1_111' title='bbox 191 1357 230 1435; x_wconf 92' lang='lat' dir='ltr'><strong>is,</strong></span> <span class='ocrx_word' id='word_1_112' title='bbox 259 1357 309 1415; x_wconf 90' lang='lat' dir='ltr'><strong>cui</strong></span> <span class='ocrx_word' id='word_1_113' title='bbox 331 1354 514 1436; x_wconf 87' lang='lat' dir='ltr'><strong>medeberis,</strong></span> <span class='ocrx_word' id='word_1_114' title='bbox 542 1357 641 1418; x_wconf 89' lang='lat' dir='ltr'><strong>sedari</strong></span> <span class='ocrx_word' id='word_1_115' title='bbox 666 1359 774 1418; x_wconf 82' lang='lat' dir='ltr'><strong>sentiet</strong></span> <span class='ocrx_word' id='word_1_116' title='bbox 798 1359 937 1436; x_wconf 90' lang='lat' dir='ltr'><strong>omnique</strong></span> <span class='ocrx_word' id='word_1_117' title='bbox 960 1358 1095 1420; x_wconf 88' lang='lat' dir='ltr'><strong>molestia</strong></span> 
     </span>
     <span class='ocr_line' id='line_1_15' title="bbox 82 1438 348 1504; baseline -0.008 0"><span class='ocrx_word' id='word_1_118' title='bbox 82 1446 141 1504; x_wconf 89' lang='lat' dir='ltr'><strong>cito</strong></span> <span class='ocrx_word' id='word_1_119' title='bbox 159 1438 348 1504; x_wconf 89' lang='lat' dir='ltr'><strong>liberabitur.</strong></span> 
     </span>
    </p>

    <p class='ocr_par' dir='ltr' id='par_1_7' title="bbox 40 1531 1146 1788">
     <span class='ocr_line' id='line_1_16' title="bbox 40 1531 1146 1615; baseline 0.005 -27"><span class='ocrx_word' id='word_1_120' title='bbox 40 1549 66 1589; x_wconf 83' lang='lat'><strong>15</strong></span> <span class='ocrx_word' id='word_1_121' title='bbox 171 1531 260 1592; x_wconf 87' lang='lat' dir='ltr'><strong>Ebuli</strong></span> <span class='ocrx_word' id='word_1_122' title='bbox 282 1531 421 1612; x_wconf 88' lang='lat' dir='ltr'><strong>radicem,</strong></span> <span class='ocrx_word' id='word_1_123' title='bbox 445 1550 534 1610; x_wconf 91' lang='lat' dir='ltr'><strong>quam</strong></span> <span class='ocrx_word' id='word_1_124' title='bbox 557 1533 725 1594; x_wconf 79' lang='lat' dir='ltr'><strong>sinererro</strong></span> <span class='ocrx_word' id='word_1_125' title='bbox 749 1533 865 1615; x_wconf 86' lang='lat' dir='ltr'><strong>evellas,</strong></span> <span class='ocrx_word' id='word_1_126' title='bbox 888 1533 1000 1594; x_wconf 91' lang='lat' dir='ltr'><strong>aridam</strong></span> <span class='ocrx_word' id='word_1_127' title='bbox 1025 1554 1093 1596; x_wconf 90' lang='lat' dir='ltr'><strong>con·</strong></span> <span class='ocrx_word' id='word_1_128' title='bbox 1113 1545 1146 1594; x_wconf 86' lang='lat'><strong>35</strong></span> 
     </span>
     <span class='ocr_line' id='line_1_17' title="bbox 81 1579 1093 1703; baseline 0.003 -22"><span class='ocrx_word' id='word_1_129' title='bbox 81 1629 180 1681; x_wconf 90' lang='lat' dir='ltr'><strong>tusam</strong></span> <span class='ocrx_word' id='word_1_130' title='bbox 207 1628 237 1680; x_wconf 92' lang='lat' dir='ltr'><strong>et</strong></span> <span class='ocrx_word' id='word_1_131' title='bbox 259 1620 379 1699; x_wconf 92' lang='lat' dir='ltr'><strong>pollinis</strong></span> <span class='ocrx_word' id='word_1_132' title='bbox 403 1579 490 1680; x_wconf 78' lang='lat' dir='ltr'><strong>duodo</strong></span> <span class='ocrx_word' id='word_1_133' title='bbox 514 1619 672 1682; x_wconf 82' lang='lat' dir='ltr'><strong>cribratam</strong></span> <span class='ocrx_word' id='word_1_134' title='bbox 696 1641 835 1703; x_wconf 87' lang='lat' dir='ltr'><strong>repones,</strong></span> <span class='ocrx_word' id='word_1_135' title='bbox 863 1623 932 1682; x_wconf 90' lang='lat' dir='ltr'><strong>inde</strong></span> <span class='ocrx_word' id='word_1_136' title='bbox 956 1623 1093 1684; x_wconf 88' lang='lat' dir='ltr'><strong>cocliaria</strong></span> 
     </span>
     <span class='ocr_line' id='line_1_18' title="bbox 81 1708 1094 1798; baseline 0.002 -28"><span class='ocrx_word' id='word_1_137' title='bbox 81 1711 138 1770; x_wconf 88' lang='lat' dir='ltr'><strong>tria</strong></span> <span class='ocrx_word' id='word_1_138' title='bbox 162 1728 198 1769; x_wconf 81' lang='lat' dir='ltr'><strong>ex</strong></span> <span class='ocrx_word' id='word_1_139' title='bbox 221 1711 283 1769; x_wconf 92' lang='lat' dir='ltr'><strong>vini</strong></span> <span class='ocrx_word' id='word_1_140' title='bbox 306 1708 420 1788; x_wconf 81' lang='lat' dir='ltr'><strong>cyathis</strong></span> <span class='ocrx_word' id='word_1_141' title='bbox 438 1708 563 1769; x_wconf 91' lang='lat' dir='ltr'><strong>tribus</strong></span> <span class='ocrx_word' id='word_1_142' title='bbox 554 1728 586 1769; x_wconf 92' lang='lat' dir='ltr'><strong>m</strong></span> <span class='ocrx_word' id='word_1_143' title='bbox 604 1708 705 1770; x_wconf 90' lang='lat' dir='ltr'><strong>limine</strong></span> <span class='ocrx_word' id='word_1_144' title='bbox 726 1718 808 1798; x_wconf 84' lang='lat' dir='ltr'><strong>stans</strong></span> <span class='ocrx_word' id='word_1_145' title='bbox 827 1721 930 1772; x_wconf 91' lang='lat' dir='ltr'><strong>contra</strong></span> <span class='ocrx_word' id='word_1_146' title='bbox 949 1715 1094 1773; x_wconf 88' lang='lat' dir='ltr'><strong>orientem</strong></span> 
     </span>
    </p>
   </div>
   <div class='ocr_carea' id='block_1_3' title="bbox 81 1797 1094 1881">
    <p class='ocr_par' dir='ltr' id='par_1_8' title="bbox 81 1797 1094 1881">
     <span class='ocr_line' id='line_1_19' title="bbox 81 1797 1094 1881; baseline 0.004 -23"><span class='ocrx_word' id='word_1_147' title='bbox 81 1804 171 1876; x_wconf 88' lang='lat' dir='ltr'><strong>pert</strong></span> <span class='ocrx_word' id='word_1_148' title='bbox 158 1797 293 1858; x_wconf 90' lang='lat' dir='ltr'><strong>triduum</strong></span> <span class='ocrx_word' id='word_1_149' title='bbox 316 1797 441 1857; x_wconf 90' lang='lat' dir='ltr'><strong>bibito</strong></span> <span class='ocrx_word' id='word_1_150' title='bbox 434 1799 562 1878; x_wconf 81' lang='lat' dir='ltr'><strong>ieiunus,</strong></span> <span class='ocrx_word' id='word_1_151' title='bbox 586 1797 638 1858; x_wconf 91' lang='lat' dir='ltr'><strong>sed</strong></span> <span class='ocrx_word' id='word_1_152' title='bbox 662 1800 782 1858; x_wconf 92' lang='lat' dir='ltr'><strong>omnino</strong></span> <span class='ocrx_word' id='word_1_153' title='bbox 807 1799 939 1881; x_wconf 88' lang='lat' dir='ltr'><strong>observa,</strong></span> <span class='ocrx_word' id='word_1_154' title='bbox 962 1819 1000 1861; x_wconf 94' lang='lat' dir='ltr'><strong>ne</strong></span> <span class='ocrx_word' id='word_1_155' title='bbox 1024 1801 1094 1862; x_wconf 93' lang='lat' dir='ltr'><strong>ebu-</strong></span> 
     </span>
    </p>
   </div>
   <div class='ocr_carea' id='block_1_4' title="bbox 4 1886 1148 3206">
    <p class='ocr_par' dir='ltr' id='par_1_9' title="bbox 4 1886 1148 3205">
     <span class='ocr_line' id='line_1_20' title="bbox 80 1886 1093 1970; baseline 0.005 -24"><span class='ocrx_word' id='word_1_156' title='bbox 80 1886 143 1946; x_wconf 89' lang='lat' dir='ltr'><strong>lum</strong></span> <span class='ocrx_word' id='word_1_157' title='bbox 166 1886 246 1946; x_wconf 84' lang='lat' dir='ltr'><strong>ferro</strong></span> <span class='ocrx_word' id='word_1_158' title='bbox 270 1887 460 1963; x_wconf 90' lang='lat' dir='ltr'><strong>contingatur</strong></span> <span class='ocrx_word' id='word_1_159' title='bbox 479 1893 530 1947; x_wconf 89' lang='lat' dir='ltr'><strong>aut</strong></span> <span class='ocrx_word' id='word_1_160' title='bbox 549 1905 587 1946; x_wconf 91' lang='lat' dir='ltr'><strong>ne</strong></span> <span class='ocrx_word' id='word_1_161' title='bbox 605 1888 679 1967; x_wconf 90' lang='lat' dir='ltr'><strong>ipse,</strong></span> <span class='ocrx_word' id='word_1_162' title='bbox 698 1887 769 1948; x_wconf 92' lang='lat' dir='ltr'><strong>dum</strong></span> <span class='ocrx_word' id='word_1_163' title='bbox 787 1889 952 1950; x_wconf 89' lang='lat' dir='ltr'><strong>remedium</strong></span> <span class='ocrx_word' id='word_1_164' title='bbox 973 1893 1093 1970; x_wconf 88' lang='lat' dir='ltr'><strong>accipis,</strong></span> 
     </span>
     <span class='ocr_line' id='line_1_21' title="bbox 39 1973 458 2036; baseline 0.01 -6"><span class='ocrx_word' id='word_1_165' title='bbox 39 1991 67 2030; x_wconf 78' lang='lat' dir='ltr'><strong>ro</strong></span> <span class='ocrx_word' id='word_1_166' title='bbox 81 1976 195 2036; x_wconf 88' lang='lat' dir='ltr'><strong>ferrum</strong></span> <span class='ocrx_word' id='word_1_167' title='bbox 218 1983 319 2035; x_wconf 92' lang='lat' dir='ltr'><strong>tecum</strong></span> <span class='ocrx_word' id='word_1_168' title='bbox 341 1973 458 2034; x_wconf 83' lang='lat' dir='ltr'><strong>babeas</strong></span> 
     </span>
     <span class='ocr_line' id='line_1_22' title="bbox 169 2059 1147 2144; baseline 0.002 -22"><span class='ocrx_word' id='word_1_169' title='bbox 169 2059 259 2124; x_wconf 84' lang='lat' dir='ltr'><strong>Ebuli</strong></span> <span class='ocrx_word' id='word_1_170' title='bbox 286 2062 373 2122; x_wconf 89' lang='lat' dir='ltr'><strong>bacas</strong></span> <span class='ocrx_word' id='word_1_171' title='bbox 401 2070 586 2142; x_wconf 90' lang='lat' dir='ltr'><strong>permaturas</strong></span> <span class='ocrx_word' id='word_1_172' title='bbox 614 2067 747 2142; x_wconf 84' lang='lat' dir='ltr'><strong>exprime</strong></span> <span class='ocrx_word' id='word_1_173' title='bbox 775 2073 863 2144; x_wconf 90' lang='lat' dir='ltr'><strong>atque</strong></span> <span class='ocrx_word' id='word_1_174' title='bbox 892 2083 928 2125; x_wconf 85' lang='lat' dir='ltr'><strong>ex</strong></span> <span class='ocrx_word' id='word_1_175' title='bbox 956 2085 990 2126; x_wconf 90' lang='lat' dir='ltr'><strong>eo</strong></span> <span class='ocrx_word' id='word_1_176' title='bbox 1022 2077 1147 2127; x_wconf 74' lang='lat' dir='ltr'><strong>succes</strong></span> 
     </span>
     <span class='ocr_line' id='line_1_23' title="bbox 4 2151 1093 2236; baseline 0.002 -24"><span class='ocrx_word' id='word_1_177' title='bbox 4 2175 5 2188; x_wconf 55' lang='lat'>¹</span> <span class='ocrx_word' id='word_1_178' title='bbox 80 2155 144 2213; x_wconf 83' lang='lat' dir='ltr'><strong>viro</strong></span> <span class='ocrx_word' id='word_1_179' title='bbox 168 2154 226 2212; x_wconf 92' lang='lat' dir='ltr'><strong>tria</strong></span> <span class='ocrx_word' id='word_1_180' title='bbox 250 2151 387 2212; x_wconf 89' lang='lat' dir='ltr'><strong>cocliaria</strong></span> <span class='ocrx_word' id='word_1_181' title='bbox 409 2151 445 2211; x_wconf 93' lang='lat' dir='ltr'><strong>ad</strong></span> <span class='ocrx_word' id='word_1_182' title='bbox 469 2151 548 2212; x_wconf 88' lang='lat' dir='ltr'><strong>diem</strong></span> <span class='ocrx_word' id='word_1_183' title='bbox 571 2152 607 2212; x_wconf 89' lang='lat' dir='ltr'><strong>da</strong></span> <span class='ocrx_word' id='word_1_184' title='bbox 630 2151 771 2234; x_wconf 90' lang='lat' dir='ltr'><strong>bibenda,</strong></span> <span class='ocrx_word' id='word_1_185' title='bbox 794 2153 914 2213; x_wconf 90' lang='lat' dir='ltr'><strong>mulieri</strong></span> <span class='ocrx_word' id='word_1_186' title='bbox 937 2153 1010 2236; x_wconf 94' lang='lat' dir='ltr'><strong>duo,</strong></span> <span class='ocrx_word' id='word_1_187' title='bbox 1035 2173 1093 2233; x_wconf 91' lang='lat' dir='ltr'><strong>quo</strong></span> 
     </span>
     <span class='ocr_line' id='line_1_24' title="bbox 81 2239 1093 2322; baseline 0 -20"><span class='ocrx_word' id='word_1_188' title='bbox 81 2247 200 2320; x_wconf 90' lang='lat' dir='ltr'><strong>sumpto</strong></span> <span class='ocrx_word' id='word_1_189' title='bbox 230 2239 338 2300; x_wconf 92' lang='lat' dir='ltr'><strong>deiciet</strong></span> <span class='ocrx_word' id='word_1_190' title='bbox 365 2258 419 2318; x_wconf 91' lang='lat' dir='ltr'><strong>per</strong></span> <span class='ocrx_word' id='word_1_191' title='bbox 442 2247 577 2300; x_wconf 92' lang='lat' dir='ltr'><strong>ventrem</strong></span> <span class='ocrx_word' id='word_1_192' title='bbox 599 2243 694 2302; x_wconf 90' lang='lat' dir='ltr'><strong>instar</strong></span> <span class='ocrx_word' id='word_1_193' title='bbox 718 2243 883 2322; x_wconf 74' lang='lat' dir='ltr'><strong>sanguinis,</strong></span> <span class='ocrx_word' id='word_1_194' title='bbox 911 2249 975 2302; x_wconf 90' lang='lat' dir='ltr'><strong>turn</strong></span> <span class='ocrx_word' id='word_1_195' title='bbox 1002 2245 1093 2303; x_wconf 89' lang='lat' dir='ltr'><strong>inter-</strong></span> 
     </span>
     <span class='ocr_line' id='line_1_25' title="bbox 80 2328 1094 2411; baseline 0.003 -21"><span class='ocrx_word' id='word_1_196' title='bbox 80 2333 158 2390; x_wconf 90' lang='lat' dir='ltr'><strong>iecto</strong></span> <span class='ocrx_word' id='word_1_197' title='bbox 186 2329 286 2388; x_wconf 92' lang='lat' dir='ltr'><strong>triduo</strong></span> <span class='ocrx_word' id='word_1_198' title='bbox 314 2346 436 2388; x_wconf 89' lang='lat' dir='ltr'><strong>rursum</strong></span> <span class='ocrx_word' id='word_1_199' title='bbox 459 2328 543 2389; x_wconf 93' lang='lat' dir='ltr'><strong>dabis</strong></span> <span class='ocrx_word' id='word_1_200' title='bbox 571 2337 602 2390; x_wconf 92' lang='lat' dir='ltr'><strong>ct</strong></span> <span class='ocrx_word' id='word_1_201' title='bbox 626 2348 681 2407; x_wconf 92' lang='lat' dir='ltr'><strong>per</strong></span> <span class='ocrx_word' id='word_1_202' title='bbox 703 2330 776 2390; x_wconf 90' lang='lat' dir='ltr'><strong>baec</strong></span> <span class='ocrx_word' id='word_1_203' title='bbox 800 2330 952 2390; x_wconf 89' lang='lat' dir='ltr'><strong>intervalla</strong></span> <span class='ocrx_word' id='word_1_204' title='bbox 975 2341 1094 2411; x_wconf 88' lang='lat' dir='ltr'><strong>repetes</strong></span> 
     </span>
     <span class='ocr_line' id='line_1_26' title="bbox 41 2416 1095 2499; baseline 0.009 -27"><span class='ocrx_word' id='word_1_205' title='bbox 41 2433 68 2473; x_wconf 80' lang='lat'><strong>25</strong></span> <span class='ocrx_word' id='word_1_206' title='bbox 82 2417 180 2478; x_wconf 92' lang='lat' dir='ltr'><strong>dando</strong></span> <span class='ocrx_word' id='word_1_207' title='bbox 203 2419 363 2498; x_wconf 87' lang='lat' dir='ltr'><strong>potionem,</strong></span> <span class='ocrx_word' id='word_1_208' title='bbox 387 2416 481 2478; x_wconf 91' lang='lat' dir='ltr'><strong>donec</strong></span> <span class='ocrx_word' id='word_1_209' title='bbox 502 2435 657 2499; x_wconf 88' lang='lat' dir='ltr'><strong>persanes;</strong></span> <span class='ocrx_word' id='word_1_210' title='bbox 681 2420 707 2478; x_wconf 89' lang='lat' dir='ltr'><strong>si</strong></span> <span class='ocrx_word' id='word_1_211' title='bbox 725 2427 849 2497; x_wconf 91' lang='lat' dir='ltr'><strong>propter</strong></span> <span class='ocrx_word' id='word_1_212' title='bbox 868 2421 1095 2481; x_wconf 87' lang='lat' dir='ltr'><strong>amaritudinem</strong></span> 
     </span>
     <span class='ocr_line' id='line_1_27' title="bbox 82 2505 1095 2586; baseline 0.003 -19"><span class='ocrx_word' id='word_1_213' title='bbox 82 2506 179 2567; x_wconf 89' lang='lat' dir='ltr'><strong>solum</strong></span> <span class='ocrx_word' id='word_1_214' title='bbox 207 2523 312 2566; x_wconf 89' lang='lat' dir='ltr'><strong>sucum</strong></span> <span class='ocrx_word' id='word_1_215' title='bbox 340 2505 460 2565; x_wconf 89' lang='lat' dir='ltr'><strong>haurire</strong></span> <span class='ocrx_word' id='word_1_216' title='bbox 488 2524 548 2566; x_wconf 94' lang='lat' dir='ltr'><strong>non</strong></span> <span class='ocrx_word' id='word_1_217' title='bbox 575 2509 721 2586; x_wconf 91' lang='lat' dir='ltr'><strong>potuerit,</strong></span> <span class='ocrx_word' id='word_1_218' title='bbox 748 2506 922 2567; x_wconf 88' lang='lat' dir='ltr'><strong>tantundem</strong></span> <span class='ocrx_word' id='word_1_219' title='bbox 950 2511 1013 2568; x_wconf 76' lang='lat' dir='ltr'><strong>vini</strong></span> <span class='ocrx_word' id='word_1_220' title='bbox 1044 2517 1095 2570; x_wconf 91' lang='lat' dir='ltr'><strong>aut</strong></span> 
     </span>
     <span class='ocr_line' id='line_1_28' title="bbox 81 2593 377 2674; baseline -0.014 -18"><span class='ocrx_word' id='word_1_221' title='bbox 81 2593 225 2674; x_wconf 81' lang='lat' dir='ltr'><strong>oxymelis</strong></span> <span class='ocrx_word' id='word_1_222' title='bbox 248 2593 377 2671; x_wconf 83' lang='lat' dir='ltr'><strong>augebis</strong></span> 
     </span>
     <span class='ocr_line' id='line_1_29' title="bbox 171 2678 1148 2771; baseline 0.002 -30"><span class='ocrx_word' id='word_1_223' title='bbox 171 2682 256 2742; x_wconf 83' lang='lat' dir='ltr'><strong>Aceti</strong></span> <span class='ocrx_word' id='word_1_224' title='bbox 283 2681 412 2742; x_wconf 89' lang='lat' dir='ltr'><strong>scilbtici</strong></span> <span class='ocrx_word' id='word_1_225' title='bbox 439 2681 577 2762; x_wconf 83' lang='lat' dir='ltr'><strong>cyathum</strong></span> <span class='ocrx_word' id='word_1_226' title='bbox 604 2701 711 2764; x_wconf 76' lang='lat' dir='ltr'><strong>tinum,</strong></span> <span class='ocrx_word' id='word_1_227' title='bbox 739 2682 834 2744; x_wconf 91' lang='lat' dir='ltr'><strong>mellis</strong></span> <span class='ocrx_word' id='word_1_228' title='bbox 862 2684 920 2744; x_wconf 82' lang='lat' dir='ltr'><strong>Att&#39;</strong></span> <span class='ocrx_word' id='word_1_229' title='bbox 900 2687 952 2745; x_wconf 86' lang='lat' dir='ltr'><strong>troi</strong></span> <span class='ocrx_word' id='word_1_230' title='bbox 980 2678 1020 2771; x_wconf 56' lang='lat' dir='ltr'><strong>pl·</strong></span> <span class='ocrx_word' id='word_1_231' title='bbox 1044 2685 1094 2767; x_wconf 97' lang='lat' dir='ltr'><strong>lll,</strong></span> <span class='ocrx_word' id='word_1_232' title='bbox 1114 2695 1148 2744; x_wconf 80' lang='grc'><strong>37</strong></span> 
     </span>
     <span class='ocr_line' id='line_1_30' title="bbox 82 2763 1095 2857; baseline 0.003 -26"><span class='ocrx_word' id='word_1_233' title='bbox 82 2772 249 2832; x_wconf 88' lang='lat' dir='ltr'><strong>vettonicae</strong></span> <span class='ocrx_word' id='word_1_234' title='bbox 277 2777 381 2830; x_wconf 89' lang='lat' dir='ltr'><strong>tunsae</strong></span> <span class='ocrx_word' id='word_1_235' title='bbox 409 2771 554 2831; x_wconf 89' lang='lat' dir='ltr'><strong>cribratae</strong></span> <span class='ocrx_word' id='word_1_236' title='bbox 584 2763 725 2857; x_wconf 61' lang='lat' dir='ltr'><strong>7⁰·lll&#39;</strong></span> <span class='ocrx_word' id='word_1_237' title='bbox 717 2789 748 2831; x_wconf 93' lang='lat' dir='ltr'><strong>1n</strong></span> <span class='ocrx_word' id='word_1_238' title='bbox 776 2790 869 2832; x_wconf 90' lang='lat' dir='ltr'><strong>unum</strong></span> <span class='ocrx_word' id='word_1_239' title='bbox 897 2774 1036 2834; x_wconf 90' lang='lat' dir='ltr'><strong>miscebis</strong></span> <span class='ocrx_word' id='word_1_240' title='bbox 1065 2782 1095 2834; x_wconf 92' lang='lat' dir='ltr'><strong>et</strong></span> 
     </span>
     <span class='ocr_line' id='line_1_31' title="bbox 41 2858 1095 2940; baseline 0.004 -22"><span class='ocrx_word' id='word_1_241' title='bbox 41 2878 69 2918; x_wconf 81' lang='lat' dir='ltr'><strong>ao</strong></span> <span class='ocrx_word' id='word_1_242' title='bbox 84 2860 194 2920; x_wconf 89' lang='lat' dir='ltr'><strong>adicies</strong></span> <span class='ocrx_word' id='word_1_243' title='bbox 218 2877 324 2938; x_wconf 89' lang='lat' dir='ltr'><strong>aquam</strong></span> <span class='ocrx_word' id='word_1_244' title='bbox 347 2858 470 2919; x_wconf 89' lang='lat' dir='ltr'><strong>calidam</strong></span> <span class='ocrx_word' id='word_1_245' title='bbox 493 2867 523 2920; x_wconf 88' lang='lat' dir='ltr'><strong>et</strong></span> <span class='ocrx_word' id='word_1_246' title='bbox 541 2859 651 2919; x_wconf 91' lang='lat' dir='ltr'><strong>dabis</strong></span> <span class='ocrx_word' id='word_1_247' title='bbox 643 2862 743 2920; x_wconf 90' lang='lat' dir='ltr'><strong>reiuno</strong></span> <span class='ocrx_word' id='word_1_248' title='bbox 762 2878 816 2939; x_wconf 91' lang='lat' dir='ltr'><strong>per</strong></span> <span class='ocrx_word' id='word_1_249' title='bbox 835 2861 967 2922; x_wconf 91' lang='lat' dir='ltr'><strong>triduum</strong></span> <span class='ocrx_word' id='word_1_250' title='bbox 988 2861 1095 2940; x_wconf 92' lang='lat' dir='ltr'><strong>spleni-</strong></span> 
     </span>
     <span class='ocr_line' id='line_1_32' title="bbox 82 2950 326 3026; baseline -0.012 -17"><span class='ocrx_word' id='word_1_251' title='bbox 82 2951 143 3009; x_wconf 88' lang='lat' dir='ltr'><strong>tioo</strong></span> <span class='ocrx_word' id='word_1_252' title='bbox 166 2950 326 3026; x_wconf 91' lang='lat' dir='ltr'><strong>potionem.</strong></span> 
     </span>
     <span class='ocr_line' id='line_1_33' title="bbox 172 3035 1148 3118; baseline 0 -22"><span class='ocrx_word' id='word_1_253' title='bbox 172 3037 291 3096; x_wconf 90' lang='lat' dir='ltr'><strong>Lotium</strong></span> <span class='ocrx_word' id='word_1_254' title='bbox 315 3037 388 3115; x_wconf 91' lang='lat' dir='ltr'><strong>eius,</strong></span> <span class='ocrx_word' id='word_1_255' title='bbox 412 3037 463 3114; x_wconf 92' lang='lat' dir='ltr'><strong>qui</strong></span> <span class='ocrx_word' id='word_1_256' title='bbox 487 3035 620 3114; x_wconf 92' lang='lat' dir='ltr'><strong>splenem</strong></span> <span class='ocrx_word' id='word_1_257' title='bbox 643 3037 730 3118; x_wconf 91' lang='lat' dir='ltr'><strong>dolet,</strong></span> <span class='ocrx_word' id='word_1_258' title='bbox 755 3040 893 3116; x_wconf 91' lang='lat' dir='ltr'><strong>quotiens</strong></span> <span class='ocrx_word' id='word_1_259' title='bbox 917 3040 1034 3098; x_wconf 89' lang='lat' dir='ltr'><strong>urinam</strong></span> <span class='ocrx_word' id='word_1_260' title='bbox 1054 3039 1095 3099; x_wconf 87' lang='lat' dir='ltr'><strong>fe·</strong></span> <span class='ocrx_word' id='word_1_261' title='bbox 1115 3048 1148 3097; x_wconf 88' lang='lat'><strong>38</strong></span> 
     </span>
     <span class='ocr_line' id='line_1_34' title="bbox 84 3124 1095 3206; baseline 0 -20"><span class='ocrx_word' id='word_1_262' title='bbox 84 3127 168 3206; x_wconf 79' lang='lat' dir='ltr'><strong>serit,</strong></span> <span class='ocrx_word' id='word_1_263' title='bbox 188 3125 293 3202; x_wconf 83' lang='lat' dir='ltr'><strong>collige</strong></span> <span class='ocrx_word' id='word_1_264' title='bbox 312 3131 342 3184; x_wconf 92' lang='lat' dir='ltr'><strong>et</strong></span> <span class='ocrx_word' id='word_1_265' title='bbox 361 3126 491 3184; x_wconf 90' lang='lat' dir='ltr'><strong>cinerem</strong></span> <span class='ocrx_word' id='word_1_266' title='bbox 511 3124 632 3185; x_wconf 82' lang='lat' dir='ltr'><strong>deloco</strong></span> <span class='ocrx_word' id='word_1_267' title='bbox 652 3125 815 3186; x_wconf 92' lang='lat' dir='ltr'><strong>cribratum</strong></span> <span class='ocrx_word' id='word_1_268' title='bbox 833 3127 864 3186; x_wconf 95' lang='lat' dir='ltr'><strong>in</strong></span> <span class='ocrx_word' id='word_1_269' title='bbox 884 3144 976 3186; x_wconf 92' lang='lat' dir='ltr'><strong>unum</strong></span> <span class='ocrx_word' id='word_1_270' title='bbox 991 3126 1095 3205; x_wconf 89' lang='lat' dir='ltr'><strong>subige</strong></span> 
     </span>
    </p>
   </div>
   <div class='ocr_carea' id='block_1_5' title="bbox 85 3277 1095 3560">
    <p class='ocr_par' dir='ltr' id='par_1_10' title="bbox 85 3277 1094 3560">
     <span class='ocr_line' id='line_1_35' title="bbox 175 3277 1094 3348; baseline 0.002 -19"><span class='ocrx_word' id='word_1_271' title='bbox 175 3283 208 3332; x_wconf 90' lang='lat'><strong>10</strong></span> <span class='ocrx_word' id='word_1_272' title='bbox 244 3277 280 3330; x_wconf 83' lang='lat' dir='ltr'><strong>ad</strong></span> <span class='ocrx_word' id='word_1_273' title='bbox 311 3277 409 3348; x_wconf 88' lang='lat' dir='ltr'><strong>pedes]</strong></span> <span class='ocrx_word' id='word_1_274' title='bbox 438 3278 472 3332; x_wconf 82' lang='lat' dir='ltr'><strong>ab</strong></span> <span class='ocrx_word' id='word_1_275' title='bbox 499 3277 543 3332; x_wconf 79' lang='lat' dir='ltr'><strong>bie</strong></span> <span class='ocrx_word' id='word_1_276' title='bbox 569 3279 709 3334; x_wconf 78' lang='lat' dir='ltr'><strong>uocabulis</strong></span> <span class='ocrx_word' id='word_1_277' title='bbox 745 3279 828 3333; x_wconf 75' lang='lat' dir='ltr'><strong>codex</strong></span> <span class='ocrx_word' id='word_1_278' title='bbox 858 3293 956 3332; x_wconf 70' lang='lat' dir='ltr'><strong>curetes</strong></span> <span class='ocrx_word' id='word_1_279' title='bbox 986 3278 1094 3347; x_wconf 74' lang='lat' dir='ltr'><strong>incipit.</strong></span> 
     </span>
     <span class='ocr_line' id='line_1_36' title="bbox 87 3346 1095 3404; baseline 0.002 -4"><span class='ocrx_word' id='word_1_280' title='bbox 87 3353 120 3402; x_wconf 91' lang='lat'><strong>18</strong></span> <span class='ocrx_word' id='word_1_281' title='bbox 140 3347 285 3402; x_wconf 85' lang='lat' dir='ltr'><strong>aebulum.</strong></span> <span class='ocrx_word' id='word_1_282' title='bbox 310 3346 408 3402; x_wconf 86' lang='lat' dir='ltr'><strong>ebulus</strong></span> <span class='ocrx_word' id='word_1_283' title='bbox 433 3347 592 3404; x_wconf 80' lang='lat' dir='ltr'><strong>Oornaro&#39;us.</strong></span> <span class='ocrx_word' id='word_1_284' title='bbox 665 3353 698 3401; x_wconf 79' lang='lat'><strong>21</strong></span> <span class='ocrx_word' id='word_1_285' title='bbox 724 3347 824 3402; x_wconf 85' lang='lat' dir='ltr'><strong>aebuli.</strong></span> <span class='ocrx_word' id='word_1_286' title='bbox 903 3353 937 3401; x_wconf 78' lang='lat'><strong>2⁷</strong></span> <span class='ocrx_word' id='word_1_287' title='bbox 957 3347 1095 3403; x_wconf 86' lang='lat' dir='ltr'><strong>oximelis.</strong></span> 
     </span>
     <span class='ocr_line' id='line_1_37' title="bbox 86 3418 1094 3474; baseline 0.003 -3"><span class='ocrx_word' id='word_1_288' title='bbox 86 3423 120 3472; x_wconf 78' lang='lat'><strong>28</strong></span> <span class='ocrx_word' id='word_1_289' title='bbox 140 3419 244 3474; x_wconf 85' lang='lat' dir='ltr'><strong>scilliti.</strong></span> <span class='ocrx_word' id='word_1_290' title='bbox 317 3423 351 3472; x_wconf 79' lang='lat'><strong>29</strong></span> <span class='ocrx_word' id='word_1_291' title='bbox 370 3419 525 3474; x_wconf 84' lang='lat' dir='ltr'><strong>vetonicae.</strong></span> <span class='ocrx_word' id='word_1_292' title='bbox 599 3425 631 3472; x_wconf 83' lang='lat'><strong>32</strong></span> <span class='ocrx_word' id='word_1_293' title='bbox 651 3418 755 3472; x_wconf 86' lang='lat' dir='ltr'><strong>urinae.</strong></span> <span class='ocrx_word' id='word_1_294' title='bbox 824 3422 858 3472; x_wconf 84' lang='lat'><strong>33</strong></span> <span class='ocrx_word' id='word_1_295' title='bbox 877 3432 1004 3472; x_wconf 88' lang='lat' dir='ltr'><strong>cenerem</strong></span> <span class='ocrx_word' id='word_1_296' title='bbox 1023 3420 1057 3474; x_wconf 92' lang='lat' dir='ltr'><strong>de</strong></span> <span class='ocrx_word' id='word_1_297' title='bbox 1076 3421 1094 3474; x_wconf 84' lang='lat' dir='ltr'><strong>f.</strong></span> 
     </span>
     <span class='ocr_line' id='line_1_38' title="bbox 85 3488 562 3560; baseline 0 -18"><span class='ocrx_word' id='word_1_298' title='bbox 85 3488 239 3546; x_wconf 79' lang='lat' dir='ltr'><strong>cribratam</strong></span> <span class='ocrx_word' id='word_1_299' title='bbox 258 3489 327 3560; x_wconf 79' lang='lat' dir='ltr'><strong>(sie),</strong></span> <span class='ocrx_word' id='word_1_300' title='bbox 346 3490 392 3544; x_wconf 81' lang='lat' dir='ltr'><strong>sed</strong></span> <span class='ocrx_word' id='word_1_301' title='bbox 409 3489 562 3544; x_wconf 77' lang='lat' dir='ltr'><strong>inductum.</strong></span> 
     </span>
    </p>
   </div>
   <div class='ocr_carea' id='block_1_6' title="bbox 0 0 1278 3802">
    <p class='ocr_par' dir='ltr' id='par_1_11' title="bbox 0 0 1278 3802">
     <span class='ocr_line' id='line_1_39' title="bbox 0 0 1278 3802; baseline 0 0"><span class='ocrx_word' id='word_1_302' title='bbox 0 0 1278 3802; x_wconf 95' lang='lat' dir='ltr'><strong> </strong></span> 
     </span>
    </p>
   </div>
  </div>
 </body>
</html>
