2540 3802
497 162 737 228 -245-

108 324 289 386 sorbendum
318 325 449 405 dederis,
477 327 557 403 ipsas
586 345 705 406 quoque
734 326 848 388 cocleas
876 335 1016 389 contusas
1042 327 1123 389 velut

108 414 249 493 malagma
279 432 368 492 supra
396 413 544 474 dolentem
572 414 670 476 locum
699 416 801 476 lateris
824 418 928 495 inponi
951 418 1023 478 satis
1046 416 1120 478 utile

107 513 161 565 est.
203 502 344 564 Verbasci
367 502 496 564 radicem
525 511 556 564 et
578 512 663 565 rutae
686 504 846 566 coliculum
875 514 904 566 et
927 505 986 566 albi
1008 507 1121 584 piperis
1141 519 1173 570 11

107 611 197 672 grana
212 591 290 652 Vllll
309 594 341 652 in
360 610 453 653 unum
472 593 600 653 contrita
619 613 655 654 ex
674 611 767 673 aquae
787 593 897 655 calidae
917 594 1029 674 cyathis
1049 594 1120 655 dno-

65 697 78 738 1
107 681 164 743 bus
188 683 272 760 potui
295 679 378 742 dabis
402 683 439 762 ei,
463 683 515 760 qui
537 681 639 742 lateris
662 682 764 743 dolore
788 681 951 744 vexabitur.

197 769 380 832 Marrubium
410 789 446 830 ex
474 788 550 849 aqua
573 773 676 832 tritum
700 770 860 832 salubriter
883 771 995 832 bibitur
1019 771 1120 832 adver·
1140 785 1173 832 12

108 878 174 920 sum
198 859 300 920 lateris
323 857 471 940 dolorem,
498 860 648 920 coriandri
676 879 794 940 quoque
819 879 920 922 semen
943 860 1052 921 tundea
1075 859 1121 920 rel

106 959 188 1010 teres
208 957 238 1008 et
256 947 401 1008 cribrabis
423 956 453 1008 et
472 967 541 1008 cum
559 949 646 1009 malle
665 968 786 1030 coques,
806 950 900 1010 donec
919 951 1049 1028 spissum
1069 951 1120 1028 sit3

3 1045 4 1122 ζ
106 1037 176 1098 inde
200 1055 285 1097 mane
309 1045 340 1096 et
359 1055 426 1097 sero
445 1037 583 1098 cocliaria
601 1045 687 1099 terna
705 1038 789 1099 dabis
807 1039 965 1118 pleuritico
984 1037 1121 1100 bibenda.

67 1143 93 1183 11
108 1126 220 1205 Sulpur
243 1128 341 1186 rivum
366 1133 396 1186 et
417 1127 515 1205 picem
538 1127 668 1188 cedrium
696 1130 762 1206 pari
786 1127 918 1206 pondere
942 1127 1030 1188 simul
1053 1145 1120 1206 per·
1140 1139 1173 1187 13

106 1213 247 1276 miscebis
271 1223 301 1274 et
323 1232 378 1293 pro
401 1214 574 1294 malagmate
598 1215 695 1276 dolori
716 1216 818 1277 lateris
841 1217 981 1296 adpones

520 1409 598 1470 CAP.
622 1409 708 1471 XXV.

108 1520 321 1577 Lumborum
352 1522 388 1574 et
419 1532 584 1575 coxarum
616 1521 792 1577 doloribus
824 1524 860 1576 11
891 1521 1019 1590 torpori
1049 1521 1121 1578 aive

154 1609 298 1666 sciaticis
320 1609 471 1664 remedia
494 1608 634 1677 physica
657 1612 692 1664 et
714 1608 925 1666 rationabilia
947 1609 1081 1664 diversa

456 1697 499 1751 dc
523 1697 774 1766 experimentis.

196 1834 241 1894 hd
265 1833 433 1894 lumborum
457 1831 589 1893 dolorem
613 1834 728 1894 curatio
751 1835 861 1913 optima
890 1831 976 1892 haec:
1009 1831 1120 1894 Cucur·
1140 1847 1155 1896 1

109 1923 185 1984 bitae
210 1923 354 1983 silvestris
378 1921 540 1982 tloccorum
564 1929 614 1982 aut
638 1924 759 1982 seminis
783 1919 889 2002 Xllll,
913 1919 1047 2000 pyrethri
1071 1921 1120 2002 ΙΙΙ,

108 2030 223 2091 myrrae
248 2011 317 2072 llll
340 2013 372 2070 in
395 2009 546 2090 pulverem
569 2011 695 2094 rediges,
719 2030 755 2072 ex
780 2029 838 2090 quo
862 2011 938 2070 fiunt
957 2009 1065 2088 pastilli
1084 2011 1121 2070 ad

69 2117 95 2160 11
108 2119 278 2160 mensuram
301 2100 491 2159 denariorum
513 2099 653 2162 binorum
672 2100 718 2160 vel
736 2099 934 2179 singulorum3
958 2099 1066 2159 dantur
1085 2117 1122 2158 ex

107 2192 188 2268 passi
211 2188 324 2270 cyathis
345 2186 442 2248 tribus
462 2190 562 2248 mixtis
580 2208 673 2268 aquae
693 2188 828 2268 pluvialis
847 2187 960 2268 cyathis
979 2205 1045 2268 sex3
1069 2188 1121 2248 sed

108 2277 164 2357 his,
188 2275 297 2356 quibus
320 2275 377 2336 hoc
400 2278 565 2338 remedium
589 2278 720 2338 dandum
743 2287 797 2359 est,
821 2276 903 2337 alvus
927 2277 988 2338 acri
1009 2275 1120 2356 clysmo

4 2413 5 2424 .
108 2384 193 2426 mane
216 2365 397 2426 detrahenda
421 2373 475 2426 est.

197 2455 240 2514 hd
265 2453 434 2515 lumborum
458 2453 589 2514 dolorem
614 2463 644 2515 et
666 2454 844 2535 paralyticos
867 2453 1016 2514 antidotos
1038 2453 1156 2514 hierar

68 2561 95 2600 11
109 2543 218 2604 medici
231 2542 319 2603 Pacci
333 2541 479 2621 Antiochi,
499 2560 573 2621 quae
592 2542 700 2604 melius
715 2545 794 2604 omni
809 2543 1024 2604 medicamento
1038 2543 1122 2623 facit;

110 2632 161 2692 sed
181 2640 211 2692 et
230 2632 266 2692 ad
285 2630 441 2710 paralysim
461 2632 586 2692 miriiice
604 2632 662 2692 hoc
681 2651 806 2712 acopum
825 2631 904 2712 lacit,
926 2650 985 2711 quo
1004 2639 1123 2710 oportet

110 2721 261 2780 infirmum
285 2722 315 2780 in
340 2719 401 2780 sole
421 2719 472 2781 diu
491 2720 592 2781 fricari
610 2729 662 2782 aut
680 2722 746 2782 loce
765 2720 881 2781 llamma
900 2719 1123 2802 praecalelacto,

4 2863 6 2876 ,
109 2811 218 2886 recipit
236 2808 322 2870 haec:
346 2806 412 2868 Olei
431 2807 533 2869 Sabini
553 2808 577 2868 X
596 2829 658 2890 sex,
682 2811 851 2871 cucumeris
870 2809 995 2870 silvatici
1013 2810 1122 2870 radicis

4 2937 6 2976 ,
109 2898 238 2958 recentis
257 2895 283 2957 X
302 2895 360 2959 XV.
398 2896 477 2958 llaec
496 2897 580 2958 radix
599 2901 629 2958 in
648 2898 852 2977 magnitudine
871 2897 1017 2976 iuglandis
1036 2899 1122 2958 nucis

4 2987 6 3010 “
68 2987 226 3046 111111111
255 3003 323 3044 vaso
352 2985 435 3046 lictili
464 3004 539 3046 novo
567 3005 603 3046 ex
627 2986 692 3048 oleo
716 2989 869 3066 coquitur,
897 2987 992 3046 donec
1016 3004 1121 3048 sucum

4 3117 5 3152 y
108 3091 224 3134 omnem
248 3075 381 3134 remittat
403 3081 434 3134 11
457 3076 542 3152 quasi
565 3076 646 3137 arida
671 3078 725 3157 sit3
753 3075 901 3154 posthoc
925 3074 1008 3135 radix
1032 3074 1121 3134 abici·

4 3187 5 3206 1
108 3172 156 3222 tur
175 3171 206 3223 et
225 3181 278 3242 per
297 3162 421 3223 linteum
440 3171 492 3224 aut
511 3162 607 3224 colum
628 3167 802 3226 transmisso
819 3162 884 3223 oleo
899 3162 1035 3243 adicitur,
1050 3163 1121 3223 dum

196 3314 403 3370 dmarribium.
478 3322 511 3370 10
530 3315 665 3386 cedriam]
686 3316 790 3370 ebriam

195 3387 237 3441 ot.
257 3385 394 3442 mesticis.

197 3463 231 3511 20
248 3457 344 3528 Pacci]
364 3457 432 3513 acci.
521 3463 554 3511 11
574 3456 650 3512 fecit.
733 3462 767 3511 22
786 3455 955 3525 flammaque
974 3454 1120 3511 calefacto.

107 3533 139 3582 rt
159 3527 363 3583 transmissum.
