2540 3802
479 145 718 208 —193-

88 306 187 368 machi
210 307 279 368 lacit
303 315 332 367 et
355 306 481 367 lluorem
505 307 646 388 eiusdem,
670 309 796 366 maxime
816 325 886 367 vero
905 326 974 368 cum
992 309 1103 370 infirmi

88 395 164 456 nihil
187 394 246 456 eibi
269 398 399 455 retinere
422 403 548 473 possunt
567 403 597 455 et
615 395 760 474 quidquid
780 396 881 456 datum
900 404 946 456 est
964 399 1102 478 reiciunt,

88 485 198 562 recipit
220 483 307 544 haec:
335 482 493 544 Mastiches
517 484 659 545 candidae
682 486 813 565 unciam,
837 485 1021 563 tragacanthi
1044 485 1103 547 albi

87 574 221 652 unciam,
253 571 431 651 Apollinaris
460 572 570 633 herbae
598 573 707 633 radicis
736 575 853 632 unciam
883 591 980 633 unam.
1028 574 1102 635 Con·

60 661 227 722 atunditur
254 660 479 740 tragacanthum
508 680 576 721 cnm
599 661 712 741 radice,
740 669 843 740 postea
866 661 1010 722 mastiche
1033 665 1103 723 trita

88 749 218 810 adicitur
241 758 271 810 et
293 751 449 828 reponitur
473 749 720 811 medicamentum
744 752 775 810 in
797 752 890 810 vitreo
909 768 986 810 vaso.
1027 750 1102 811 Dan·

88 846 154 919 tur,
183 856 250 898 cum
275 857 350 917 opus
374 846 433 918 est,
460 838 604 899 coclearia
628 839 697 898 bina
720 846 784 917 aut,
812 845 902 917 prout
927 842 1102 918 oportuerit,

87 925 157 1005 plus
180 929 315 987 minusve
336 927 501 988 secundum
519 916 662 988 vcr'nitnm
680 928 791 988 lactum
810 945 844 987 cx
866 945 959 1006 aquae
978 928 1102 1006 frIgidae

89 1014 204 1094 cyathis
227 1015 333 1076 tribus.

46 1123 75 1162 ιο
179 1103 223 1164 Ad
252 1103 396 1165 stomachi
423 1104 555 1164 dolorem
584 1111 615 1164 et
642 1103 824 1176 inflationem
852 1104 1017 1165 remedium
1046 1107 1102 1166 sio:
1123 1118 1156 1168 16

88 1191 257 1252 Palmarum
277 1193 414 1254 denarios
428 1191 518 1272 XXX,
541 1195 625 1252 anesi
642 1191 745 1272 XIIII,
769 1195 850 1253 croci
868 1191 944 1273 XII,
965 1195 1008 1272 git
1026 1191 1103 1275 XII,

1 1349 2 1362 ,
88 1283 167 1341 asari
197 1280 279 1361 XII,
308 1283 398 1360 myrti
425 1283 527 1360 nigrae
555 1280 695 1342 bacarum
719 1281 830 1362 XIIII,
857 1283 988 1360 iuniperi
1015 1281 1103 1344 bacas

89 1369 259 1430 enucleatas
282 1389 407 1431 numero
430 1373 543 1450 viginti,
585 1369 816 1430 Contunduntur
844 1389 980 1430 seorsum
1004 1373 1103 1432 omnia

90 1465 122 1518 et
150 1459 181 1517 in
209 1477 302 1520 unum
331 1461 576 1540 commiscentur,
605 1459 712 1519 deinde
740 1459 816 1519 fiunt
843 1458 965 1538 pastilli,
994 1459 1044 1520 alii
1066 1460 1103 1520 ad

46 1563 74 1604 15
89 1563 260 1610 mensnram
280 1547 403 1627 denarii,
423 1547 472 1607 alii
492 1547 527 1607 ad
547 1547 664 1625 pondus
683 1549 843 1626 victoriati3
867 1547 976 1608 dantur
994 1550 1102 1608 iciunis

89 1653 127 1695 ex
150 1653 243 1714 aquae
267 1636 379 1714 cyathis
402 1635 500 1697 tribus
523 1643 575 1695 aut
597 1655 633 1696 ex
656 1642 798 1714 protropo
821 1643 930 1714 musto,
954 1636 1033 1713 quod
1058 1645 1104 1696 cst

88 1725 171 1802 passi
193 1742 295 1801 genus.

179 1811 427 1874 Medicamentum
447 1815 559 1872 siccum
578 1810 614 1871 ad
636 1810 780 1871 stomachi
798 1811 980 1871 inflationem
1004 1821 1034 1872 et
1052 1811 1102 1872 do·
1124 1826 1156 1877 17

88 1901 184 1960 Iorenr
203 1909 233 1961 et
251 1901 389 1982 inediam,
407 1910 506 1961 movet
525 1907 555 1960 et
572 1902 702 1979 urinam,
725 1900 792 1960 ideo
817 1900 887 1960 lacit
901 1907 931 1960 et
945 1899 981 1960 ad
996 1900 1103 1980 hydro-

45 2008 74 2047 20
88 1992 174 2068 picos
202 1999 232 2050 et
259 1992 344 2050 iecur
370 1990 480 2051 durum
506 1989 650 2049 habentes
680 1996 710 2048 et
740 1989 776 2048 ed
803 1990 981 2069 auriginem,
1015 2007 1103 2068 qnam

90 2079 210 2158 quidam
234 2081 359 2160 regium,
383 2079 502 2159 quidam
525 2086 682 2158 arquatum
705 2076 843 2137 morbum
866 2085 984 2157 vocant3
1010 2078 1102 2138 rescr-

89 2175 140 2227 tur
163 2170 195 2226 in
212 2167 326 2227 Musam
346 2169 516 2248 Antonium,
539 2169 646 2244 recipit
669 2173 768 2226 autem
791 2165 878 2226 haec:
906 2165 994 2225 Alces
1015 2166 1103 2226 dena·

89 2258 151 2315 rios
176 2254 207 2336 V,
232 2257 321 2336 croci,
346 2258 483 2335 cinnami,
507 2255 593 2315 nardi
616 2255 753 2334 Syriacae
777 2257 884 2334 spicae,
912 2256 998 2334 asari,
1023 2254 1103 2333 xylo-

89 2343 222 2423 halsami,
237 2344 397 2405 mastiches
412 2344 510 2424 Chiae,
525 2343 710 2422 singulorum
725 2343 862 2403 denarios
878 2361 979 2423 senos3
994 2343 1103 2403 dantur

47 2449 74 2489 25
89 2432 235 2505 coclearia
258 2432 327 2492 hina
351 2432 396 2492 vel
419 2440 503 2492 terna
527 2451 563 2492 ex
587 2451 680 2510 aquae
704 2431 818 2511 cyathis
841 2431 946 2492 trihus

179 2521 264 2581 Potio
293 2521 446 2582 Cosmiano
475 2520 511 2580 ad
540 2539 658 2580 omnem
690 2522 842 2580 Internum
872 2519 1017 2600 dolorem,
1050 2519 1103 2581 sed
1123 2533 1157 2585 18

88 2612 161 2670 lacit
184 2611 309 2670 miritioe
334 2609 370 2669 ad
394 2609 538 2670 stomachi
561 2608 678 2669 dolores
707 2616 737 2668 et
762 2609 796 2669 ad
821 2611 949 2669 tussiccs
973 2617 1003 2668 et
1025 2609 1103 2688 pthi-

89 2701 169 2759 siccs
198 2700 373 2775 sanguinem
402 2706 431 2758 et
459 2717 515 2776 pus
543 2699 702 2757 reicientcs
731 2705 760 2757 et
793 2696 829 2757 ad
860 2698 1001 2756 iocineris
1033 2699 1104 2758 vitia

89 2799 179 2866 atque
203 2787 352 2864 pulmonis
381 2793 411 2846 et
438 2786 473 2844 ad
502 2785 603 2845 lateris
627 2785 758 2845 dolorem
782 2803 837 2845 nec
860 2787 960 2846 minus
983 2785 1019 2845 ad
1043 2794 1104 2846 tor·

46 2894 74 2933 ec
89 2878 222 2936 mincsos
251 2883 281 2934 et
308 2873 478 2934 convulsam
506 2881 557 2934 aut
584 2881 702 2952 ruptam
729 2873 856 2952 aliquam
884 2882 998 2952 partem
1028 2876 1103 2934 iute-

90 2967 238 3026 stiucrum
262 2971 292 3023 et
315 2963 351 3022 ad
371 2962 583 3022 destillationes
607 2963 691 3022 etad
711 2980 772 3043 eos,
796 2965 848 3041 qui
867 2981 1003 3023 somnum
1022 2962 1103 3023 nullo

88 3053 178 3114 modo
203 3069 310 3132 capere
333 3058 472 3130 possunt,
495 3051 566 3110 facit
589 3059 618 3111 et
641 3051 677 3110 ad
700 3050 887 3130 hydropicos,
911 3053 1003 3111 siccat
1024 3053 1104 3111 enim

89 3143 215 3202 miridce
250 3159 314 3220 eos3
348 3141 536 3217 componitur
568 3141 624 3200 sic:
670 3138 762 3199 Ilauci
794 3141 916 3199 seminis
949 3139 1104 3198 denarium

4 3245 5 3264 ³
90 3249 193 3312 unum,
217 3229 321 3290 alterci
345 3229 466 3288 seminis
490 3227 644 3287 denarium
667 3226 689 3305 l,
714 3229 790 3287 turis
814 3227 969 3296 denarium
993 3225 1048 3285 Ill
1074 3226 1103 3306 S,

47 3334 75 3376 aa
90 3338 207 3400 myrrae
236 3319 391 3378 denarInm
419 3334 525 3396 unum,
558 3318 639 3376 croci
667 3314 857 3376 denariuml
885 3314 909 3372 Λ
939 3314 967 3374 S.
1014 3314 1105 3374 Fiunt

183 3515 214 3561 11
235 3505 333 3562 anethi
351 3505 474 3560 Scribcu.

144 3607 305 3658 Mnaonnuus,
318 3614 356 3646 un.
371 3605 525 3644 Hnnmrcrr.
