2528 3814
522 153 760 219 -261-

216 313 396 377 ,Remedium
418 317 541 376 unicum
564 325 595 378 et
617 317 697 396 quod
721 319 863 378 citissime
886 321 1004 380 renium
1028 321 1145 382 dolores
1164 333 1199 383 48

133 421 201 463 cum
229 403 422 464 admiratione
448 413 589 483 persanat
618 409 675 468 sic:
707 405 846 467 Bitumen
879 425 970 487 super
1001 410 1144 472 carbones

131 493 213 552 vivos
236 510 330 571 pones
353 501 383 554 et
407 511 475 572 sago
499 494 604 572 grandi
627 495 663 554 ad
687 495 808 556 modum
832 513 936 558 caveae
957 515 1008 558 eos
1027 503 1145 578 operies

131 589 219 660 atque
247 581 308 642 illio
331 583 458 642 interius
482 583 611 664 nudum,
638 585 689 662 qui
712 586 830 644 renium
856 585 957 646 dolore
981 587 1145 669 vexabitur,

104 687 117 728 5
133 687 223 748 supra
246 672 327 750 ipsos
351 669 495 732 carbones
514 672 618 732 sedere
637 675 812 754 praecipies,
835 681 870 734 51
892 675 992 735 fumus
1011 675 1061 735 ille
1080 696 1145 737 cor-

130 777 188 837 pus
211 760 276 819 eius
299 777 385 820 omne
409 761 579 822 circumeat.
620 759 698 841 Hoc,
723 763 749 821 si
771 780 895 823 necesse
918 763 1021 844 luerit,
1046 771 1076 825 et
1098 773 1145 825 ter

131 847 230 926 iacies,
254 855 288 908 ut
310 851 430 928 penitus
454 858 585 910 sanetur.

220 935 313 998 Radix
341 940 477 1017 asparagi
501 940 571 998 trita
595 945 625 999 et
648 957 716 999 cum
740 941 807 1000 vino
832 947 901 1019 pota
923 943 1042 1000 xenium
1065 941 1144 1001 dolo·
1162 953 1196 1002 49

130 1043 194 1085 rem
222 1029 333 1104 optime
361 1025 446 1087 151111.
487 1025 584 1087 051151
611 1045 701 1088 sucus
729 1030 761 1088 in
788 1027 858 1088 mali
886 1031 1001 1106 granati
1032 1032 1143 1090 cortice
1163 1041 1197 1089 5ο

90 1105 115 1171 1o
129 1121 219 1194 potus
237 1114 400 1194 plurimum
419 1115 542 1176 renibus
561 1116 692 1194 prodest.
722 1115 775 1177 Fel
793 1119 922 1177 irenacei
942 1136 1009 1178 cum
1024 1137 1143 1197 vesper·
1162 1130 1196 1178 51

130 1202 242 1263 tillonis
266 1203 391 1264 cerebro
419 1213 449 1264 et
472 1205 577 1264 canino
600 1203 677 1265 lacte
700 1205 823 1266 renibus
846 1207 1008 1284 inpositum
1031 1209 1142 1268 mirum

129 1291 261 1370 prodest.
295 1292 395 1371 Adeps
418 1295 574 1353 anserinus
598 1311 667 1353 cum
690 1293 823 1354 eiusdem
843 1294 968 1355 cerebro
988 1303 1018 1356 51
1036 1295 1144 1376 butyro
1164 1306 1197 1354 52

130 1389 160 1440 51
183 1379 311 1441 alumine
331 1388 361 1440 et
380 1399 488 1461 oesypo
507 1383 655 1460 inpositus
675 1381 710 1442 ad
730 1385 825 1443 ceroti
843 1383 964 1456 modum
984 1385 1145 1446 efficaciter

129 1468 252 1529 renibus
274 1469 405 1547 prodest.

90 1574 116 1615 15
221 1556 343 1618 Stercus
362 1557 565 1619 columbinum
584 1561 688 1619 tritum
703 1577 772 1619 cum
786 1559 892 1620 hordei
906 1561 1000 1620 farina
1015 1569 1045 1620 51
1060 1561 1144 1640 adipe
1164 1571 1197 1619 53

131 1644 216 1706 suilla
245 1653 274 1707 et
302 1665 425 1707 ovorum
453 1647 518 1707 albo
549 1646 637 1708 simul
664 1649 846 1726 permixtum
878 1657 909 1710 51
936 1655 1055 1716 coctum
1085 1667 1144 1709 em·

129 1734 234 1813 plastri
267 1753 349 1795 more
380 1737 546 1796 rectissime
575 1735 697 1796 renibus
725 1738 888 1814 inponitur.
934 1736 968 1796 ln
997 1735 1143 1815 capitibus
1163 1747 1198 1795 54

129 1825 270 1906 piscium,
298 1825 328 1884 id
357 1832 403 1884 551
429 1823 585 1902 mugilium
609 1831 660 1884 aut
682 1823 856 1904 mullorum,
885 1827 969 1903 spina
992 1827 1143 1886 invenitur

131 1914 196 1971 cani
215 1911 333 1990 similis3
352 1913 425 1974 haec
444 1912 567 1973 renibus
584 1912 718 1991 adposita
732 1913 778 1972 vel
792 1912 908 1992 alligata
921 1915 998 1974 miro
1012 1914 1144 1974 remedio

90 2017 116 2057 ro
131 2007 184 2060 est.
216 2001 356 2079 Plantago
377 2019 412 2061 ex
431 2000 517 2062 melle
532 2003 602 2062 trita
617 2008 646 2061 51
660 2003 789 2080 inposita
803 2001 926 2062 renibus
942 2003 1042 2062 statim
1056 2003 1143 2082 prod·
1163 2012 1197 2062 55

131 2097 184 2150 551.
222 2089 283 2150 015
307 2091 474 2168 saepiarum
497 2092 526 2150 in
547 2089 614 2150 cibo
634 2097 752 2168 sumpta
771 2092 888 2151 urinam
907 2099 1027 2151 movent
1050 2099 1080 2151 51
1098 2109 1143 2152 re·
1163 2101 1197 2149 55

130 2180 213 2238 nium
227 2178 415 2256 gravedinem
430 2177 546 2239 tollunt.
578 2177 662 2239 lnula
677 2181 748 2239 trita
763 2186 793 2239 51
807 2198 875 2240 cum
889 2181 951 2241 vini
965 2178 1078 2259 cyathis
1092 2182 1144 2241 111-
1163 2189 1197 2238 51

129 2266 186 2327 bus
204 2285 259 2346 per
278 2267 411 2328 triduum
429 2274 498 2346 pota
512 2266 673 2346 plurimum
687 2267 811 2347 prodest
824 2268 947 2330 renibus
961 2269 1144 2347 reparandis.

8 2429 9 2432 Ἴ
129 2355 281 2434 duringiae
304 2358 414 2416 veteris
441 2355 596 2436 selibram,
624 2357 682 2417 olei
709 2359 819 2418 veteris
848 2357 986 2418 selibram
1015 2360 1196 2419 5515555155

88 2459 114 2500 55
130 2443 278 2524 selibram,
299 2451 384 2505 rutae
403 2444 579 2505 fasciculum
597 2463 656 2505 una
675 2446 824 2525 decoques
843 2455 874 2507 et
891 2446 988 2507 lanam
1006 2447 1048 2507 ibi
1067 2449 1143 2509 suci-

130 2532 197 2592 dam
220 2535 339 2611 tingues
362 2551 396 2593 ao
419 2532 543 2594 renibus
567 2535 793 2614 superinpones,
816 2537 891 2596 mire
915 2535 1083 2598 subvenies.

218 2621 262 2682 Ad
286 2623 418 2682 vessicae
442 2621 560 2683 dolores
590 2631 620 2683 et
649 2625 817 2702 stranguria
846 2624 949 2686 cardui
977 2643 1079 2686 semen
1108 2632 1196 2686 5155

128 2712 189 2770 vini
214 2713 349 2772 sextariis
373 2711 490 2772 duobus
513 2729 610 2791 usque
634 2712 670 2772 ad
692 2711 841 2773 heminam
865 2713 1021 2776 decoctum
1046 2721 1076 2774 et
1095 2733 1142 2775 ex-

128 2817 267 2877 pressum
295 2807 384 2878 atque
413 2800 541 2861 colatum
563 2802 707 2880 potuique
730 2803 830 2862 ieiuno
855 2802 956 2863 datum
979 2803 1142 2882 plurimum

87 2905 113 2946 so
128 2887 259 2967 prodest.
299 2887 425 2972 ,Plantae
453 2897 591 2950 rutaoeae
624 2898 655 2950 et
686 2899 811 2970 nepetae
844 2891 960 2952 radices
992 2891 1142 2970 bacaeque
1162 2899 1196 2949 60

128 2976 246 3037 laureae
269 2978 301 3036 in
324 2995 394 3038 vaso
416 2977 500 3040 fictili
520 2985 642 3059 coperto
661 2979 820 3060 diligenter
834 2988 945 3060 coctae,
967 2998 1005 3040 ne
1020 2982 1064 3040 vis
1082 2999 1143 3040 me·

128 3065 287 3127 dicamenli
316 3076 447 3142 emanet,
476 3069 562 3145 potui
589 3068 711 3147 dantur,
738 3070 779 3129 ita
806 3076 841 3129 ut
867 3071 953 3148 prius
982 3087 1140 3148 expressae

127 3153 277 3236 colentur,
304 3155 480 3216 mirabiliter
507 3157 638 3216 vessicae
662 3155 816 3218 doloribus
838 3165 974 3236 prosunt.
1016 3156 1141 3237 Herbae,
1160 3165 1193 3216 61

218 3315 347 3364 lunum.
429 3308 569 3364 95511155
587 3311 701 3380 scripsi:
720 3309 861 3364 corticem.
945 3309 1142 3364 1555155551.

130 3385 162 3434 13
182 3380 299 3452 oesypo]
320 3381 438 3450 hysopo.
517 3385 550 3436 18
569 3381 716 3454 1115311551
727 3379 886 3436 0555551115.
960 3386 994 3434 22
1013 3380 1142 3450 gravedi-

127 3452 225 3506 betem.
335 3457 368 3507 23
387 3449 513 3508 tridium.
622 3457 655 3506 25
674 3452 820 3507 saecolum.
925 3456 959 3504 27
978 3451 1141 3521 strangulia.

128 3525 161 3575 31
180 3523 311 3580 laurioaa.
384 3523 440 3596 vis]
460 3541 530 3580 oum.
