2518 3806
488 157 727 220 -379-

95 333 160 375 non
183 323 213 376 et
235 317 317 376 radix
342 317 510 378 cucumeris
538 319 658 378 erratici
685 335 721 376 ex
749 325 832 377 aceto
861 325 944 377 cocta
968 326 997 378 et
1019 317 1107 396 poda·

95 422 169 482 grae
192 406 329 483 imposita
352 405 511 465 succurrit.

188 491 286 572 Potio,
318 511 393 571 quae
421 495 447 552 si
474 511 551 552 anno
578 495 695 571 integro
723 493 813 552 suerit
840 499 952 571 potata,
979 493 1107 572 podagra
1127 509 1161 558 aa

96 579 205 641 liberat
224 579 400 662 laborantes,
423 583 610 660 componitur
635 583 691 641 sic:
715 579 930 659 Chamacdryos
949 579 980 640 P.
999 579 1021 660 Ι,
1040 600 1107 641 cen-

69 671 196 731 ataurei
219 670 322 730 uncias
340 667 389 749 ΙΙΙ,
412 669 596 732 aristolociae
619 669 763 729 rotundae
783 671 885 729 uncias
904 667 952 747 ΙΙΙ,
976 669 1107 729 stoecha-

97 757 153 818 dos
172 759 275 818 uncias
294 755 343 838 ΙΙΙ,
367 759 477 836 agarici
498 789 534 801 -
556 757 578 837 l,
597 759 698 837 cyperi
717 759 838 817 seminis
859 789 897 799 -
918 755 959 816 ΙΙΙ
979 755 1008 835 S,
1029 756 1109 817 aloes

56 851 58 855 '
100 877 139 887 -
161 844 202 904 ΙΙΙ
222 845 250 906 S.
293 844 371 906 llaec
399 845 530 924 pondera
558 846 740 924 singularum
764 863 864 906 rerum
889 854 976 905 tunsa
1000 852 1030 904 et
1052 847 1109 905 cri·

97 933 183 994 brata
211 934 338 1012 adpendi
366 941 484 1012 oportet
512 944 541 993 et
569 934 664 994 mellis
689 934 781 994 Attici
807 933 892 993 libris
910 932 947 992 Vl
975 951 1107 1011 compre·

97 1022 198 1082 hendi.
244 1022 378 1082 Sumitur
410 1029 509 1082 autem
539 1022 614 1082 haec
643 1023 725 1100 potio
753 1041 770 1081 a
797 1023 897 1082 ieiuno
925 1029 955 1081 et
982 1023 1108 1081 maxime

57 1133 84 1171 ιο
99 1111 225 1188 digesto,
243 1127 383 1169 mensura
403 1112 466 1170 eius
486 1117 532 1170 cst
551 1113 684 1188 argentei
702 1109 826 1190 scripuli
841 1110 972 1190 pondus,
995 1109 1109 1170 bibitur

99 1217 136 1258 ex
164 1197 261 1258 tribus
287 1197 399 1276 cyathis
423 1216 515 1276 aquae
540 1198 650 1259 calidae
674 1207 703 1260 et
727 1201 834 1259 sinon
857 1200 1022 1259 continuati
1045 1198 1108 1258 dies

98 1286 212 1346 luerint
234 1288 265 1345 in
288 1285 458 1364 accipienda
482 1289 612 1366 potione,
635 1289 705 1347 anni
727 1296 826 1347 tamen
849 1289 978 1366 spatium
999 1288 1029 1346 in
1049 1286 1108 1347 die-

98 1392 165 1434 rum
189 1392 314 1434 numero
338 1374 519 1453 suppleatur.

188 1460 240 1521 Fel
270 1464 335 1539 apri
362 1481 430 1522 cum
458 1481 528 1522 sevo
556 1461 689 1540 quolibet
716 1465 846 1540 positum
874 1465 985 1540 optime
1013 1462 1108 1540 placat
1127 1477 1161 1526 69

58 1569 84 1611 15
98 1548 257 1628 podagram
281 1551 312 1607 in
335 1567 485 1626 praesens.

188 1636 313 1696 Carmen
335 1635 497 1716 idioticum,
521 1636 601 1714 quod
624 1635 717 1695 lenire
735 1637 895 1714 podagram
914 1637 1032 1717 dicitur,
1056 1639 1108 1698 sic.
1128 1653 1161 1701 το

98 1725 133 1786 ln
159 1741 265 1784 manus
292 1733 359 1784 tuas
387 1742 527 1802 exspuas,
555 1732 712 1802 antequam
740 1743 756 1784 a
784 1723 860 1784 lecto
888 1734 998 1785 terram
1022 1741 1108 1786 mane

99 1814 262 1891 contingas,
286 1820 316 1872 et
338 1830 354 1870 a
378 1815 501 1871 summis
525 1811 591 1871 talis
615 1821 645 1870 et
667 1811 774 1890 plantis
797 1829 893 1890 usque
916 1813 951 1872 ad
976 1831 1108 1873 summos

99 1903 206 1980 digitos
239 1917 342 1959 manus
374 1899 466 1960 duces
494 1907 524 1960 et
551 1899 646 1960 dices:
684 1898 778 1978 Fuge,
810 1901 892 1981 fuge,
920 1900 1048 1980 podagra
1079 1908 1109 1961 et

58 1991 195 2052 momnis
218 2005 378 2048 nervorum
402 1987 486 2048 dolor
509 1987 545 2047 de
569 1987 695 2066 pedibus
719 1990 792 2046 meis
811 1995 841 2047 et
860 1987 998 2048 omnibus
1017 2007 1109 2050 mem·

99 2079 162 2140 bris
180 2078 264 2156 meis,
288 2083 339 2136 aut
358 2077 383 2136 si
402 2075 452 2136 alii
469 2083 652 2154 praecantas,
677 2075 758 2135 dices
777 2075 866 2156 illius,
885 2095 973 2155 quem
992 2079 1110 2156 peperit

99 2167 156 2228 illa.
201 2164 353 2225 Venenum
381 2181 494 2224 veneno
523 2165 665 2242 vincitur,
698 2162 786 2224 saliva
815 2165 914 2224 ieiuna
942 2166 1022 2225 vinci
1049 2183 1109 2226 non

100 2261 206 2334 potest.
247 2252 306 2312 Ter
333 2252 414 2312 dices
441 2252 515 2312 haec
543 2261 573 2312 ct
600 2251 636 2312 ad
664 2251 795 2329 singulas
823 2251 938 2332 plantas
967 2261 1034 2314 tuas
1063 2254 1109 2314 vel

100 2343 187 2422 illius,
210 2342 260 2402 cui
281 2339 448 2418 medebere,
472 2358 570 2418 spues.

59 2448 87 2490 as
188 2429 361 2489 Remedium
385 2428 421 2488 ad
440 2428 600 2506 podagram
620 2429 675 2488 sic:
699 2427 795 2487 Lanae
814 2427 932 2488 sucidae
952 2446 1012 2488 non
1031 2428 1107 2490 lota'c
1127 2443 1161 2494 'tt

100 2519 130 2579 P.
148 2517 174 2597 1,
201 2519 262 2576 vini
289 2518 397 2576 veteris
425 2515 472 2576 vel
498 2517 616 2576 Aminei
639 2513 669 2575 θ
688 2514 728 2595 ΙΙ,
755 2515 813 2575 olei
841 2515 1008 2594 omphacini
1036 2515 1066 2577 8
1086 2516 1108 2598 Ι,

101 2606 265 2685 aphronitri
287 2606 453 2664 communis
471 2603 503 2665 P.
522 2603 543 2664 1.
581 2603 690 2663 Lanam
713 2603 852 2662 infundes
875 2605 906 2662 in
931 2605 1031 2664 virtum
1054 2623 1108 2684 per

101 2693 244 2772 triduum,
272 2693 378 2752 dehinc
406 2693 555 2770 exprimes
580 2691 676 2751 lanam
699 2690 889 2750 vehementer
912 2702 943 2751 et
965 2693 1108 2753 admisce·

101 2782 147 2843 bis
169 2783 247 2861 vino,
274 2780 352 2858 quod
377 2782 569 2860 expresseris,
595 2779 800 2857 aphronitrum
823 2781 940 2859 tritum,
965 2779 1054 2841 addes
1078 2789 1108 2840 et

61 2870 197 2930 aooleum
221 2877 252 2928 et
275 2870 318 2928 sic
338 2867 480 2928 miscebis
503 2870 601 2928 omnia
625 2869 708 2927 etin
731 2885 782 2928 vas
805 2869 932 2928 vitreum
956 2871 1055 2929 mittes
1079 2876 1109 2928 ct

102 2956 240 3018 servabis¹
282 2955 356 3016 Cum
379 2967 479 3016 autem
503 2973 578 3034 opus
601 2956 692 3015 luerit
713 2955 911 3036 medicamen,
935 2974 1042 3036 panem
1064 2957 1108 3015 in·

102 3045 207 3107 fundes
229 3047 261 3104 in
284 3046 386 3105 vinum
409 3053 494 3104 vetus
517 3043 563 3103 vel
585 3043 750 3124 Amineum,
775 3047 825 3122 qui
849 3063 916 3105 cum
940 3044 1016 3104 bene
1037 3043 1108 3103 mol-

102 3134 171 3195 litus
194 3133 298 3214 suern,
325 3131 535 3212 exprimendus
558 3134 615 3192 erit
639 3132 833 3192 atterendus
856 3135 887 3192 in
910 3133 1051 3192 mortario
1074 3149 1108 3192 ac

190 3291 206 3339 3
225 3284 320 3355 Potio]
347 3283 474 3339 Eandem
496 3284 713 3353 compositionem
735 3283 815 3336 babet
837 3282 912 3337 Ptin.
936 3283 968 3338 dc
990 3299 1019 3338 rc
1040 3284 1107 3338 med.

102 3356 134 3424 ΙΙ,
154 3362 187 3410 26
207 3372 237 3425 p.
262 3361 296 3410 το
315 3355 355 3408 ed.
373 3354 438 3409 Ros.
511 3353 742 3408 caristolochice
762 3352 920 3435 Uornprius.
993 3353 1108 3409 8librls

99 3423 856 3553 rantutto,aaaclusitanae
998 3431 1032 3481 2⁶
1052 3441 1109 3480 c·
