2528 3814
528 143 564 152 -
614 107 766 171 340-

83 285 117 334 49
226 272 416 348 Aposlemata
440 277 474 329 ut
496 268 702 329 remolliantur
725 276 777 328 aut
800 269 826 327 si
849 267 946 327 mollia
970 268 1095 349 luerint,
1122 277 1158 330 ut

137 360 359 438 dispargantur,
388 359 477 418 iacies
500 356 748 417 medicamentum
771 355 843 436 tale,
867 375 926 435 quo
950 355 1024 416 nihil
1047 365 1157 434 poten·

136 450 196 509 tius
224 455 284 508 est:
316 445 433 506 Herbae
461 445 607 506 marrubii
635 445 702 505 lolia
732 445 835 504 viridia
862 444 1027 505 contundes
1051 453 1105 506 aut
1129 449 1158 506 si

136 536 241 596 viridia
264 553 325 595 non
348 536 470 615 luerint,
492 533 623 594 involuta
647 532 725 594 loliis
747 533 859 593 malvae
882 533 928 592 vel
950 551 1156 611 personaceae
1246 605 1247 612 ἵ

136 623 191 686 suh
220 628 320 685 cinere
350 623 444 684 calido
473 641 597 704 coques,
625 621 731 682 deinde
759 639 865 700 panem
891 621 1049 683 candidum
1072 624 1183 684 inlu-s
1246 623 1247 626 ’

136 731 203 774 sum
226 716 294 773 vino
318 714 413 772 veteri
436 711 526 772 addes
550 720 579 772 et
600 714 756 790 axungiam
775 709 916 771 miscebis
935 719 966 771 et
984 711 1095 772 tundes
1115 712 1154 773 de

135 802 215 881 ligno
244 804 275 862 in
304 801 400 880 lignea
427 800 499 881 pila,
531 799 582 860 sed
611 798 797 878 observabis,
826 807 860 859 ut
887 801 973 877 panis
1000 799 1092 860 infusi
1122 810 1155 862 et
1247 831 1248 852 2

135 893 280 968 axungiae
296 901 396 968 partes
411 889 543 968 singulae
558 890 626 968 sint,
644 887 754 948 herbae
769 906 839 948 vero
853 895 954 967 partes
969 887 1053 968 duae,
1069 889 1152 967 quod

136 978 289 1058 emplastri
312 996 394 1038 more
418 997 503 1038 mane
527 985 557 1038 et
581 995 648 1036 sero
672 977 745 1037 locis
769 978 946 1036 necessariis
968 978 1114 1054 impones.

83 1079 116 1130 50
226 1066 401 1145 Inguinibus
418 1065 553 1126 mirabile
568 1065 687 1126 exhibet
701 1065 866 1126 remedium
881 1083 918 1125 ex
932 1064 1092 1143 gallinacea
1107 1065 1152 1125 ala
1167 1083 1194 1122 ro

137 1155 300 1215 ossiculum
319 1163 486 1214 extremum
507 1153 653 1214 cocleario
672 1153 856 1214 terebratum
875 1153 1020 1232 nodisque
1035 1163 1151 1234 septem

137 1242 204 1302 licio
229 1243 351 1320 ligatum
375 1250 464 1320 atque
487 1245 528 1302 ita
552 1241 672 1301 brachio
696 1242 742 1303 vel
764 1243 846 1302 cruri
866 1244 930 1302 eius
948 1244 1051 1322 partie,
1075 1260 1151 1322 quae

136 1332 258 1408 inguina
281 1328 380 1410 habet,
403 1347 589 1408 suspensum.

84 1432 118 1482 51
227 1417 334 1497 Lipara
353 1418 388 1479 ad
408 1419 611 1495 intertrigines
630 1420 686 1478 sic:
710 1416 863 1499 Cerussae,
885 1423 1151 1500 spumaeargenti,

136 1507 283 1568 medullae
302 1509 447 1588 cervinae,
467 1509 529 1568 sevi
549 1509 660 1567 cervini
679 1506 770 1567 libras
786 1507 924 1586 singulas,
943 1526 1067 1568 ovorum
1082 1518 1151 1570 octo
1165 1525 1190 1566 15

137 1596 245 1676 album,
269 1597 330 1656 viui
354 1596 424 1657 boni
444 1598 610 1676 quartarios
629 1595 691 1674 llll,
710 1597 787 1656 turis
806 1595 925 1674 pollinis
944 1598 1047 1656 uncias
1066 1606 1151 1676 quat·

135 1695 214 1766 tuor,
229 1702 314 1745 rosae
330 1685 494 1764 Campanae
509 1684 540 1745 P.
556 1703 658 1764 ornum,
672 1684 810 1744 aluminis
824 1687 1014 1745 semunciam.
1042 1685 1152 1746 Gerus·

136 1792 198 1834 sam
228 1782 258 1833 et
286 1791 420 1852 spumam
448 1774 570 1852 tundes,
600 1781 699 1834 cetera
727 1774 862 1833 remittes
890 1781 920 1834 et
947 1775 978 1833 in
1006 1777 1150 1835 mortario

134 1862 260 1922 terendo
284 1864 422 1923 universa
445 1861 594 1923 miscebis.

82 1963 116 2013 da
224 1951 411 2030 Porriginem
434 1952 657 2029 intertriginum
681 1950 844 2010 interficies
862 1949 919 2010 hoc
938 1949 1151 2014 medicamine:
1165 1969 1189 2008 so

135 2038 223 2119 Picis,
248 2041 374 2118 resinae,
398 2058 493 2118 cerae,
516 2039 626 2118 butyri,
650 2039 712 2098 sevi
735 2040 863 2119 caprini,
887 2055 1009 2116 spumae
1033 2043 1152 2119 argenti

135 2130 232 2188 unciis
256 2127 381 2205 singulis
404 2131 435 2188 in
458 2146 551 2188 unum
575 2128 739 2206 permixtis,
763 2129 789 2187 si
812 2129 906 2187 utaris
929 2126 1060 2188 adsidue.

524 2321 602 2382 CAP.
626 2319 757 2381 XXXlll.

134 2431 294 2501 Ceparlae
322 2435 357 2488 et
383 2435 519 2488 veretro
543 2433 614 2488 sive
637 2431 796 2488 verendis
818 2431 976 2488 virilibus
999 2433 1033 2488 et
1055 2433 1150 2489 testi·

134 2520 221 2576 cerlis
250 2520 444 2578 dolentibus
472 2522 528 2577 vel
554 2520 783 2590 pendentibus
815 2524 850 2576 et
878 2520 1045 2576 herniosis
1075 2521 1149 2578 sive

134 2607 215 2664 viris
243 2608 315 2664 sive
342 2609 529 2666 mentibus
557 2611 592 2665 et
618 2609 723 2665 rebus
750 2609 895 2666 veneriis
922 2612 957 2664 et
980 2609 1148 2666 eunuchis

134 2696 207 2752 sine
234 2697 328 2752 ferro
356 2697 521 2754 faciendis
543 2698 693 2754 remedio
716 2697 856 2768 physico
879 2701 913 2753 et
936 2697 1148 2754 rationabilis

407 2785 539 2841 diversa
563 2787 606 2842 de
630 2785 880 2856 experimentis.

101 2935 115 2982 1
223 2919 267 2980 Ad
294 2919 426 2980 testiculi
453 2928 586 2982 tumores
614 2925 749 3002 cupressi
777 2922 867 2983 bacae
895 2940 930 2982 ex
954 2924 1022 2982 vino
1045 2930 1147 2982 coctae

81 3045 88 3049 -
136 3011 317 3070 conveniunt
345 3016 375 3070 et
403 3008 468 3070 laba
498 3012 584 3088 quasi
617 3011 768 3072 conoicula
802 3029 870 3071 oum
902 3009 995 3071 multo
1028 3013 1146 3073 cumino

135 3107 219 3159 cocta
243 3108 273 3158 et
296 3098 429 3178 adposita
453 3117 536 3159 more
560 3099 777 3179 cataplasmatis
801 3117 918 3159 necnon
937 3107 967 3159 et
986 3117 1041 3159 uva
1060 3117 1147 3177 passa
1161 3116 1187 3157 ss

135 3205 204 3247 cum
232 3190 351 3248 cumino
380 3194 505 3248 contusa
532 3195 562 3248 et
589 3195 694 3267 tepens
717 3188 850 3267 adposita
874 3187 1036 3267 plurimum
1059 3187 1147 3266 prod·

136 3283 195 3354 est3
224 3276 259 3335 ad
289 3278 400 3336 veretri
423 3293 493 3336 vero
517 3285 664 3337 tumorem
688 3276 797 3336 lentem
821 3293 856 3336 ex
880 3294 956 3353 aqua
979 3283 1093 3336 coctam
1117 3283 1147 3335 et

136 3365 236 3422 tritam
260 3366 372 3443 imponi
395 3365 586 3426 utilissimum
611 3374 663 3426 est.

101 3460 117 3506 2
227 3450 258 3509 Si
286 3452 371 3512 ulcus
399 3456 429 3513 in
457 3471 534 3531 pene
562 3454 714 3514 sordidum
743 3453 834 3513 luerit
861 3459 912 3512 aut
939 3469 1047 3512 cancer
1073 3451 1145 3512 illud
