2564 3794
479 124 720 186 —111-

92 283 254 344 liuentibus
277 283 453 344 mirabiliter
475 285 620 344 medetur.
667 284 789 345 Costum
814 294 972 346 contusum
996 294 1026 346 et
1049 288 1105 346 cri·
1124 299 1158 346 41

93 372 210 432 bratum
243 371 366 432 naribus
398 372 536 432 infricato
569 379 599 432 et
626 371 804 450 profluvium
836 375 921 434 sistet
948 381 978 433 et
1005 373 1106 434 ulcera

92 459 217 520 sanabit.
263 461 361 520 Ranae
389 459 512 520 rubetae
540 462 655 521 occisae
684 463 715 520 in
743 461 824 520 inmo
848 461 993 521 arefactae
1016 465 1106 541 parti·
1125 475 1159 524 42

94 548 169 628 cula,
189 558 298 628 quanta
317 549 475 629 ridebitur,
498 551 530 609 in
548 549 670 610 linteolo
689 549 819 609 involuta
839 557 923 609 4144
943 549 1010 610 licio
1030 550 1105 611 collo

61 654 74 695 a
93 655 237 716 suspensa
260 639 335 717 eius,
358 640 407 697 cui
430 656 517 698 nares
540 637 646 716 lluunt,
669 639 744 698 mire
768 637 898 716 prodest.
933 638 1040 698 Linum
1060 639 1158 700 44143

91 745 223 805 papyrus
250 725 336 804 ligata
366 727 529 786 summitati
562 729 673 786 veretri
706 727 798 787 virilis
831 729 1005 804 sanguinem
1037 745 1104 805 pro·

19 835 20 848 ¹
91 815 234 874 liuentem
259 813 380 875 naribus
403 817 478 874 mire
502 817 646 892 reprimit.
681 814 739 874 Pili
757 817 871 893 caprini
895 813 1034 875 conbusti
1056 815 1105 875 ad·
1119 827 1159 876 44

19 895 20 912 ’
92 906 169 963 14414
192 905 258 981 pice
282 910 312 963 et
335 909 418 963 aceto
442 905 547 963 inserti
571 902 693 963 naribus
715 905 773 963 cito
793 905 967 981 sanguinem
987 905 1105 964 sistunt.

92 992 171 1052 Lana
195 991 298 1052 srroida
321 1009 355 1052 44
380 1009 434 1052 444
458 991 566 1051 femina
589 991 729 1069 decerpta
753 1001 841 1070 atque
868 993 977 1052 intorta
1008 991 1105 1052 made·
1124 1003 1158 1052 45

49 1081 228 1159 retectaque
251 1098 318 1140 rosa
342 1079 453 1158 liquida
477 1087 507 1140 et
530 1079 651 1140 naribus
673 1080 766 1140 indita
785 1081 937 1158 sanguinis
957 1079 1106 1140 abundan-

91 1171 163 1230 tiam
187 1171 331 1246 reprimit.
378 1167 500 1229 Coclcae
527 1171 615 1229 tritae
639 1186 708 1228 cnm
731 1177 815 1228 aceto
845 1167 967 1228 naribus
995 1168 1105 1229 inditae
1124 1181 1159 1230 46

92 1259 227 1336 quamvis
250 1275 371 1336 magnos
389 1255 499 1317 fluores
519 1259 670 1334 sanguinis
689 1265 891 1336 compescunt.
926 1256 958 1316 Si
976 1257 1102 1318 feminae
1124 1269 1158 1318 41

92 1348 213 1424 sanguis
236 1364 271 1406 44
295 1344 418 1405 naribus
441 1347 531 1406 nimie
551 1345 669 1426 defluat,
691 1345 868 1405 mammillae
887 1347 952 1405 eius
971 1347 1104 1406 vincian-

91 1444 143 1494 tur
161 1436 289 1513 corrigio
308 1435 437 1512 caprino.
474 1433 554 1494 Pilos
573 1433 628 1495 sub
648 1441 750 1494 ventre
770 1435 834 1494 vivo
854 1433 947 1513 lepori
964 1433 1104 1494 candidos
1123 1445 1158 1494 48

50 1539 76 1580 15
91 1523 182 1583 441144
209 1522 394 1583 4144444114
418 1530 537 1582 etcum
564 1541 637 1582 usus
661 1524 808 1601 exegerit,
830 1523 959 1582 intortos
983 1523 1104 1583 naribus

91 1611 255 1672 liuentibus
278 1611 391 1671 fulcies.
428 1609 597 1689 Specularia
618 1610 762 1670 conbusta
782 1628 818 1669 ex
837 1618 920 1670 aceto
939 1618 1105 1688 temperan-
1123 1623 1157 1670 49

90 1708 141 1760 tur
169 1708 199 1758 41
222 1701 313 1760 fronti
336 1701 400 1760 eius
423 1699 604 1778 inlinuntur,
632 1701 681 1758 cui
704 1716 792 1758 nares
815 1696 919 1757 llnunt.
967 1697 1104 1775 Slongiae
1124 1709 1158 1760 to

91 1789 246 1848 Africanae
270 1787 431 1848 conbustae
455 1789 539 1867 cinis,
563 1788 589 1846 si
612 1786 735 1846 naribus
756 1786 919 1864 hauriatur,
942 1785 1105 1864 plurimum

90 1877 221 1955 prodest.
251 1875 282 1936 Si
302 1886 331 1936 et
349 1895 403 1955 per
422 1894 510 1936 nares
529 1883 559 1935 et
577 1893 632 1953 per
651 1893 683 1935 os
699 1875 820 1952 sangnis
833 1873 915 1954 fluat,
933 1873 1025 1933 herba
1041 1891 1104 1932 444-
1123 1884 1157 1934 11

51 1965 181 2044 4414444,
211 1983 298 2043 quam
327 1964 430 2024 Graeci
458 1963 673 2024 hierobotaneu
701 1963 818 2041 dicunt,
846 1980 913 2022 cum
943 1963 1005 2022 suis
1028 1961 1104 2021 radi-

92 2053 178 2114 cibus
202 2072 237 2114 44
262 2071 337 2132 aqua
356 2053 477 2113 decocta
497 2059 527 2112 et
545 2051 694 2130 percolata
713 2057 841 2130 potatur.
873 2049 998 2111 Porrum
1019 2053 1104 2110 secti·
1124 2063 1158 2111 52

91 2161 161 2203 vum
188 2150 253 2202 tere
282 2151 312 2202 et
336 2160 440 2202 sucum
468 2140 592 2202 cerebro
622 2142 686 2200 eins
714 2139 852 2219 infunde,
880 2141 932 2216 qui
959 2138 1104 2217 profluvio

90 2232 209 2290 narium
237 2230 365 2307 laborat,
397 2232 496 2290 statim
528 2228 695 2289 medebere.
744 2227 915 2287 Milelolium
949 2245 985 2286 ex
1020 2234 1103 2286 aceto
1123 2237 1157 2288 13

91 2321 201 2380 teritur
223 2327 253 2379 et
272 2317 393 2378 naribus
412 2318 558 2398 hauritur,
582 2320 723 2377 continuo
743 2318 877 2395 quamvis
896 2317 1019 2376 nimium
1039 2333 1104 2375 san-

52 2422 77 2462 44
91 2410 213 2486 guinem
241 2409 327 2467 sistit.
373 2406 406 2466 Si
433 2425 469 2466 44
497 2425 555 2467 una
579 2424 650 2466 nare
675 2407 795 2483 sangnis
818 2403 934 2485 defluit,
958 2404 1104 2464 diversam
1123 2417 1157 2466 54

91 2495 255 2556 auriculam
276 2513 344 2555 cera
367 2494 528 2556 obturabis.
558 2493 682 2554 Carmen
703 2493 738 2553 ad
757 2491 935 2572 profluvium
951 2494 1103 2571 sanguinis
1123 2505 1156 2556 11

19 2635 20 2662 ,
91 2604 126 2644 44
153 2603 340 2663 quocumque
365 2583 498 2644 membro
521 2585 676 2642 manantis,
713 2581 834 2661 Locum,
858 2599 893 2640 ex
913 2599 971 2659 quo
991 2581 1103 2660 delluit,

19 2699 20 2758 p
90 2673 184 2750 digito
208 2672 376 2756 medicinali
399 2680 501 2750 tanges
526 2680 555 2731 et
577 2673 668 2730 414144
687 2672 796 2748 septies
817 2671 898 2729 dices
917 2677 946 2729 41
966 2671 1104 2748 quotiens

19 2767 20 2784 ¹
90 2761 221 2822 volueris
244 2770 371 2840 repetes,
395 2761 488 2821 donec
510 2760 635 2820 lluorem
658 2761 821 2838 pervincas,
843 2775 955 2818 socnon
979 2775 1104 2837 socnon3

51 2853 167 2910 armiro
191 2850 322 2929 prodest.
367 2849 507 2909 Pollicem
535 2857 565 2908 et
591 2845 794 2908 medicinalem
818 2846 943 2924 digitum
967 2865 982 2906 4
1006 2847 1157 2909 14441414

90 2957 188 3017 usque
213 2938 248 2998 ad
273 2936 429 2998 cerebrum
458 2947 488 2998 41
515 2938 583 2997 inde
611 2935 706 3015 usqne
730 2935 766 2995 ad
790 2936 936 2995 cervicem
960 2934 1051 2995 duces
1075 2941 1105 2994 41

90 3028 233 3106 nonagies
257 3028 359 3086 novics
380 3025 475 3086 dices:
499 3028 600 3086 sirmio
624 3026 740 3104 sirmio,
765 3023 843 3102 quod
863 3023 898 3083 ad
918 3041 1018 3084 aurem
1039 3025 1103 3083 eius

90 3117 185 3193 partis
209 3115 269 3175 dici
292 3123 422 3195 oportet,
447 3115 483 3174 de
507 3132 564 3193 qna
589 3133 659 3174 nare
684 3114 803 3190 sanguis
827 3113 1005 3190 propensius
1028 3111 1102 3170 lluit.

66 3271 68 3277 .
90 3203 221 3264 Herbam
241 3205 418 3263 vettonicam
438 3212 526 3282 teres,
545 3205 596 3263 cni
609 3200 761 3280 paululum
777 3197 855 3278 44114,
873 3207 1016 3277 quantum
1032 3199 1102 3258 duo·
1123 3209 1156 3260 5⁷

51 3306 76 3346 ³5
91 3292 148 3353 bus
177 3293 278 3371 digitis
306 3291 411 3370 pollice
440 3301 469 3352 41
496 3289 664 3351 medicinali
691 3307 796 3366 capere
822 3289 969 3366 potueris,
993 3287 1103 3346 adicies

164 3479 284 3534 1414111.
357 3480 423 3534 441
440 3495 491 3534 om.
566 3475 722 3546 6papirns.
797 3478 828 3526 18
848 3471 980 3526 norietur.
