2528 3814
522 137 761 202 —282-

137 299 245 359 veteris
272 299 355 378 puri,
384 299 410 357 si
437 315 496 358 non
519 297 713 379 febricitabit,
742 298 923 378 dysinterico
947 299 1040 381 dabit;
1070 301 1152 380 quod

137 388 163 447 si
185 385 348 465 inaequalis
372 386 471 466 luerit,
495 388 527 446 in
551 386 651 447 caldae
675 405 767 467 aquae
791 390 912 468 potione
935 391 1070 468 accipiet.

82 485 117 535 44
224 474 342 536 Fimum
369 474 545 535 caballinum
574 475 723 536 conbures
752 483 783 536 et
810 479 942 538 cinerem
967 478 1029 538 fimi
1051 479 1153 558 ipsum

136 581 205 624 cum
227 565 296 624 vino
319 572 420 624 vetere
443 563 583 624 miscebis
609 573 640 625 et
662 572 800 626 conteres
824 573 854 626 et
877 568 920 628 sic
944 565 1028 626 dabis
1051 567 1151 647 dysin·

135 654 228 713 terico
252 651 415 712 bibendum
438 653 502 713 sine
527 671 611 731 aqua,
635 655 661 714 si
684 672 744 714 non
767 653 957 715 febricitabit.
1164 681 1178 721 5

81 752 116 801 45
224 739 370 802 Aluminis
385 741 490 802 schisti
504 733 608 826 ,Qllll
622 759 691 802 cum
706 744 783 802 aceti
797 741 975 803 cocliaribus
988 742 1028 803 lll
1042 746 1149 805 misce-

134 827 181 889 bis
204 837 235 890 et
257 837 338 890 teres
359 837 390 889 et
408 829 519 890 celabis
538 837 568 890 et
586 830 720 909 tepidum
740 849 809 892 cum
827 849 920 910 aquae
939 831 1029 910 duplo
1049 831 1150 912 dysin-

134 919 228 979 terico
252 917 335 978 dabis
358 917 529 978 bibendum.

80 1017 114 1070 46
222 1006 375 1068 Pumicem
401 1006 533 1087 mollem,
561 1007 707 1085 slongiam
734 1007 771 1067 de
799 1007 935 1086 qualibet
958 1026 1026 1068 rosa
1049 1027 1149 1092 unam,

134 1094 239 1174 gallam
258 1113 346 1156 unam
367 1097 466 1176 semiS,
485 1097 606 1156 corticis
625 1097 720 1156 siccae
739 1095 776 1156 de
794 1095 872 1156 malo
891 1105 1013 1175 granato
1030 1089 1069 1183 9·
1084 1097 1147 1179 llll,
1163 1124 1191 1164 ιο

33 1219 37 1224 «
132 1185 246 1261 piperis
274 1201 365 1261 grana
393 1182 523 1242 XLVllll
550 1183 775 1261 diligentissime
805 1193 886 1245 teres
919 1192 949 1246 et
981 1204 1049 1246 cum
1078 1189 1146 1248 virm

133 1277 234 1330 vetere
261 1270 455 1349 permiscebis
482 1279 513 1330 et
540 1271 673 1351 pastillos
701 1272 839 1351 aequales
871 1273 942 1334 inde
974 1273 1078 1354 facies,
1112 1283 1148 1336 ut

133 1377 202 1419 cum
226 1376 300 1436 opus
324 1359 415 1420 inerit
438 1359 548 1437 singuli
571 1362 602 1419 in
625 1361 685 1419 vini
709 1363 819 1421 veteris
842 1361 962 1422 hemina
986 1363 1077 1424 soluti
1095 1364 1146 1443 dy·

133 1448 274 1508 sinterico
297 1465 352 1526 per
374 1447 508 1508 triduum
532 1447 649 1527 dentur,
672 1450 713 1509 ita
735 1456 769 1510 ut
787 1451 851 1528 ipsa
869 1452 950 1528 potio
970 1451 1050 1512 ferro
1070 1452 1146 1513 duro

129 1535 257 1617 calefiat3
280 1537 398 1614 insigne
421 1536 586 1596 remedium
611 1538 670 1597 cito
695 1539 874 1616 experietur.
1161 1564 1187 1605 1⁶

78 1635 112 1685 47
220 1623 345 1704 Leporis
368 1624 567 1686 ventriculum
591 1643 658 1686 cum
683 1627 750 1686 limo
775 1645 829 1686 suo
852 1628 921 1687 vino
944 1635 1045 1688 vetere
1068 1628 1145 1690 lava-

131 1711 190 1795 bis,
215 1715 256 1773 ita
279 1722 313 1774 ut
336 1713 440 1774 sordes
463 1715 545 1792 ipsae
568 1713 611 1774 ibi
635 1717 695 1774 sint
718 1721 748 1774 et
772 1717 966 1794 misceantur,
991 1724 1042 1777 aut
1065 1719 1092 1778 si
1113 1720 1148 1778 in

131 1801 296 1862 ventriculo
325 1820 386 1862 non
414 1805 576 1882 inveneris,
605 1800 711 1880 pilulas
740 1802 776 1863 de
803 1803 874 1865 fimo
902 1806 998 1882 ipsius
1024 1807 1146 1885 inpares

131 1907 256 1950 numero
280 1893 366 1952 tritas
390 1909 458 1952 cum
481 1893 549 1952 vino
568 1899 669 1952 vetere
689 1891 869 1970 dysinterico
889 1891 972 1953 dabis
991 1893 1146 1955 bibendae.

78 1989 112 2038 48
219 1978 264 2039 Ad
287 1981 400 2040 ventris
423 1979 535 2040 fluxum
559 1981 712 2039 masticem
736 1979 832 2040 albam
851 1988 933 2041 teres
952 1988 983 2042 et
1000 1984 1032 2042 in
1050 1985 1145 2062 potio·
1161 2007 1187 2048 ao

130 2084 200 2128 nem
223 2069 345 2128 mixtam
367 2069 468 2128 mittes
492 2075 522 2128 et
545 2067 699 2128 calefacies
722 2067 798 2128 bene
821 2070 915 2147 ipsam
938 2072 1089 2148 potionem
1113 2073 1146 2132 in

77 2165 110 2216 49
130 2173 205 2234 aqna
229 2154 322 2216 calida
341 2164 371 2217 et
389 2155 547 2216 bibendam
565 2155 772 2235 pertriduum
791 2156 883 2218 dabis.
915 2156 1044 2219 Herbam
1063 2159 1146 2238 plan·

113 2246 260 2321 ·taginem
284 2243 405 2324 colliges
429 2262 462 2305 ac
486 2251 566 2304 teres
590 2252 620 2304 et
643 2262 748 2305 sucum
772 2246 837 2305 eius
861 2263 930 2306 cum
953 2249 1013 2308 vini
1034 2251 1145 2310 veteris

129 2335 259 2412 potione,
282 2335 309 2392 si
331 2350 391 2393 non
414 2332 603 2412 febricitabit,
626 2333 806 2411 dysintericc
825 2351 879 2412 per
898 2335 1031 2396 triduum
1050 2336 1144 2398 dabis.

76 2431 111 2480 50
217 2420 262 2480 Ad
285 2422 398 2481 ventris
421 2420 533 2482 fluxum
557 2419 603 2481 vel
621 2421 657 2481 ad
677 2420 874 2500 dysintericos
892 2425 951 2483 iam
970 2424 1144 2505 desperatos
1159 2448 1187 2489 aa

129 2508 295 2569 remedium
319 2511 376 2570 sic:
406 2508 556 2590 vermem,
579 2509 659 2570 unde
682 2528 805 2570 coccum
829 2513 985 2593 tinguitur,
1008 2521 1089 2574 teres
1112 2522 1144 2576 et

129 2613 197 2656 cum
221 2599 288 2657 vino
312 2605 413 2658 vetere
437 2601 548 2677 optimo
572 2599 722 2678 potionem
746 2600 868 2659 mixtam
891 2608 922 2661 et
944 2601 1068 2663 calidam
1088 2620 1144 2681 per

128 2684 261 2746 triduum
285 2684 377 2746 dabis.

75 2785 109 2834 51
217 2773 262 2834 Ad
290 2774 482 2852 dysinteriam
509 2776 570 2835 sive
600 2777 779 2836 torminosos
807 2783 838 2836 et
866 2779 918 2856 qui
946 2777 1142 2839 deiectionem

128 2863 248 2922 nimiam
276 2863 431 2940 patiuntur
459 2862 624 2923 remedium
652 2865 708 2924 sic:
741 2863 872 2926 Ovorum
900 2865 1015 2927 vitellos
1039 2874 1141 2928 coctos
1156 2887 1186 2928 eo

128 2951 190 3010 sive
213 2953 360 3032 incoctus,
388 2969 475 3011 uvam
499 2946 646 3030 agrestem
670 2952 784 3013 acidam
807 2961 837 3013 et
859 2953 949 3032 gadas
973 2958 1038 3034 pari
1059 2974 1141 3017 men·

128 3056 198 3114 sura
216 3049 280 3100 tere
300 3057 334 3099 ac
347 3041 495 3118 permisce
509 3047 540 3100 et
553 3039 716 3101 bibendum
731 3041 915 3103 medicamen
929 3049 1034 3121 tepens
1049 3045 1142 3106 trade.

75 3140 108 3188 52
216 3128 372 3190 Frumenti
399 3131 470 3190 tosti
497 3147 588 3207 grana
614 3131 713 3208 inpari
739 3147 878 3210 numero,
909 3131 1046 3194 similiter
1073 3133 1142 3194 bor·

127 3217 176 3277 dei
208 3224 239 3278 et
269 3219 368 3298 pisae,
400 3236 469 3278 cnm
502 3216 599 3278 mellis
632 3217 798 3297 despumati
834 3218 954 3280 hemina
985 3223 1078 3283 misce
1111 3229 1142 3284 et

216 3358 232 3406 2
253 3352 364 3424 caldae]
383 3353 473 3409 calda.
534 3359 550 3408 3
568 3352 665 3424 ipsius.
720 3359 738 3408 4
757 3353 837 3408 dabis
855 3356 961 3425 (repet.)
977 3354 1139 3416 bibendum.

126 3422 277 3548 gpsffilly
293 3422 367 3550 (ἐξῇ
442 3429 475 3479 12
494 3424 539 3496 ut]
559 3427 595 3480 et.
655 3430 689 3479 21
709 3423 866 3480 calefacies.
921 3431 956 3480 29
975 3425 1138 3496 dysinteria
