2540 3802
527 73 769 136 -238-

145 247 176 298 et
203 254 302 316 panno
330 235 486 294 inductum
515 253 605 312 snper
634 233 766 312 splenem
793 235 927 312 inponite
951 240 980 293 et
1003 251 1065 293 una
1088 233 1163 294 bora

145 325 272 386 calidum
296 323 406 384 babere
429 324 581 404 permitte,
610 325 737 384 maximo
762 340 830 382 eum
853 319 985 401 periculo
1009 321 1165 403 liberabis,

146 417 172 474 si
194 415 313 492 saepius
336 412 367 472 id
390 412 506 472 feceris.

92 515 124 563 39
234 501 298 562 Alei
320 503 439 581 purgati
462 501 558 578 capita
577 501 642 580 tria,
662 499 756 578 adipis
774 501 914 578 porcinae
934 499 1060 560 nimium
1080 508 1165 560 vetn-

145 600 238 653 313130
261 591 293 652 P.
316 608 410 651 unum
433 588 522 650 simul
545 597 683 648 conteres
702 595 732 648 et
755 606 851 666 panno
871 587 994 648 induces
1018 595 1050 647 et
1069 603 1189 667 suprao

145 680 277 742 dolorem
300 679 387 739 lienis
410 680 536 756 inpones
560 687 590 738 et
612 677 701 738 fascia
726 675 895 755 conligabis

92 781 126 829 40
234 767 332 848 Conii,
359 767 390 827 id
414 774 460 827 est
483 768 611 846 cicutae,
634 765 743 826 radicis
768 765 799 826 P.
823 783 930 846 unum,
959 763 1054 842 adipis
1078 772 1164 826 vetu-

145 866 238 919 statae
257 856 390 917 hircinae
409 856 440 916 P.
460 873 564 938 unum,
582 855 637 914 alei
656 856 776 932 purgati
793 853 825 914 P.
844 871 946 927 unum,
967 852 1024 913 olei
1042 853 1164 914 cedrini

145 947 176 1008 P.
199 964 293 1008 unum
317 945 405 1006 simul
428 953 507 1005 teres
531 951 561 1004 et
584 961 678 1022 genus
701 943 883 1022 malagmatis
906 941 997 1002 facies
1018 949 1049 1002 et
1068 960 1163 1020 supra

145 1035 278 1114 splenem
306 1031 439 1110 alligabis
466 1051 522 1092 nec
552 1039 619 1092 ante
648 1041 787 1110 quartum
814 1030 893 1091 diem
917 1029 1026 1110 solves3
1054 1033 1162 1092 certis·
1178 1047 1204 1086 10

145 1125 249 1183 3110301
273 1123 350 1180 30103
373 1121 449 1180 11300
473 1139 539 1180 0330
562 1119 747 1180 medicinam.

91 1221 124 1268 41
234 1208 389 1286 Optimum
411 1206 506 1286 spleni
529 1208 694 1268 remedium
713 1207 770 1268 tale
791 1215 848 1270 est:
872 1207 1033 1268 Gentianae
1052 1215 1162 1268 tunsae

145 1296 318 1358 cocliarinm
347 1295 515 1376 dimidium,
547 1295 623 1356 fellis
657 1303 754 1356 terrae
784 1303 890 1357 tunsae
923 1295 1062 1356 cocliaria
1092 1299 1162 1377 tria,

146 1384 266 1446 leniculi
289 1386 372 1444 tunsi
395 1383 521 1444 cocliarc
544 1402 637 1444 unum
661 1391 691 1444 et
714 1384 869 1444 dimidium
892 1384 977 1445 bibes
1000 1403 1037 1444 ex
1059 1386 1161 1464 picato

144 1493 227 1536 mero
250 1472 298 1534 vel
320 1475 406 1551 nigro
430 1480 550 1534 austero
573 1473 733 1553 tepefacto,
761 1475 802 1533 ita
827 1481 862 1534 ut
885 1472 1044 1552 diligenter
1067 1492 1160 1552 supra
1175 1489 1199 1528 13

145 1565 274 1643 scriptae
303 1563 418 1641 species
447 1561 593 1623 cribratae
621 1564 653 1622 in
679 1561 819 1641 pollinem
849 1562 1022 1640 redigantur
1055 1569 1086 1622 et
1115 1564 1161 1623 sic

144 1654 390 1732 permisceantur.

90 1751 124 1798 42
232 1740 358 1801 Rubiam
381 1739 518 1820 herbam,
547 1757 604 1819 qua
627 1740 789 1806 infectores
812 1745 952 1819 utuntur,
977 1746 1097 1802 tunsam
1122 1758 1161 1799 ex

144 1832 240 1908 picato
260 1828 306 1888 vel
325 1837 445 1890 austero
464 1828 511 1890 vel
529 1831 615 1907 nigro
633 1831 701 1888 vino
721 1834 772 1888 aut
791 1847 827 1887 011
846 1845 935 1906 posca
950 1826 1033 1888 dabis
1052 1827 1160 1888 biben-

144 1918 247 1978 darn
238 1919 338 1978 ieiuno
367 1917 523 1996 splenitico
552 1917 744 1995 amplitudine
776 1918 862 1976 nucis
893 1915 1054 1997 avellanae,
1086 1935 1159 1978 con·
1174 1930 1202 1968 2⁰

144 2008 243 2068 lestim
265 2005 408 2084 proderit.

91 2105 124 2154 43
233 2093 393 2156 Laudabile
417 2091 581 2172 spleniticis
605 2092 770 2152 remedium
793 2095 849 2154 sic:
874 2039 994 2153 Hieram
1019 2092 1160 2176 boianen,

145 2201 220 2263 quae
243 2182 373 2242 verbena
396 2180 569 2261 appellatur,
592 2181 742 2242 contunde
766 2200 834 2242 cum
858 2183 984 2260 axungia
1006 2189 1105 2242 vetere
1126 2191 1160 2244 et

144 2271 327 2331 inductam
319 2289 350 2330 10
373 2287 471 2349 panno
495 2268 560 2329 albo
585 2269 731 2328 mundo
722 2287 832 2349 inpone
855 2269 1025 2351 splenitic03
1053 2270 1158 2331 dolore

145 2358 246 2419 sedato
270 2357 385 2418 videbis
408 2360 603 2436 sanguineum
625 2357 732 2437 locum,
755 2361 786 2418 in
809 2377 868 2437 qno
892 2358 976 2418 dolor
999 2359 1099 2420 fuerit.
1172 2372 1202 2412 2⁶

91 2457 125 2505 44
234 2445 320 2506 Solea
342 2447 433 2525 piscis
456 2445 552 2524 spleni
575 2448 729 2525 inponitur
747 2445 793 2506 vel
812 2447 936 2525 torpedo
959 2447 1005 2510 vel
1023 2447 1158 2530 rombus,

145 2535 197 2596 sed
220 2535 367 2612 inpositus
391 2552 511 2594 rursum
534 2537 618 2595 vivns
640 2537 672 2595 in
694 2553 775 2594 mare
798 2539 946 2617 mittatur,
969 2538 1044 2597 mire
1067 2537 1157 2615 prod·

91 2632 124 2682 43
145 2630 199 2684 031.
232 2621 290 2692 Qui
314 2622 435 2682 cottidie
458 2625 576 2683 ieiunus
600 2641 700 2684 serum
722 2642 896 2706 caprunum,
915 2625 968 2685 sed
987 2643 1089 2686 earum
1108 2644 1156 2684 ca-

144 2710 297 2792 pellarum,
316 2729 391 2789 quae
409 2710 519 2772 hedera
533 2720 706 2791 pascuntur,
725 2711 842 2794 biberit,
862 2712 964 2792 splene
978 2722 1156 2792 consumpto

90 2809 124 2857 46
144 2802 210 2861 erit.
235 2798 459 2860 Sarmentornm
478 2801 553 2860 cinis
573 2802 649 2860 aceti
668 2799 781 2879 cyathis
800 2802 916 2863 duobus
936 2821 1076 2881 aspersus
1090 2820 1155 2862 rec·
1170 2816 1199 2856 3⁰

90 2896 124 2946 47
144 2890 258 2949 tissime
278 2888 391 2948 lienoso
410 2890 510 2949 ieiuno
531 2907 567 2948 ex
585 2907 661 2968 aqua
676 2889 774 2968 tepida
789 2890 876 2952 datur
891 2889 1046 2952 bibendus.
1070 2889 1155 2951 Cani-

144 2995 201 3038 nus
225 2976 309 3055 splen
331 2994 437 3036 recens
456 2995 546 3056 snpra
566 2976 698 3056 splenem
716 2978 845 3040 bominis
863 2982 1017 3058 inponitur
1037 2979 1155 3041 dicente

144 3085 193 3148 eo,
217 3068 269 3144 qui
292 3065 426 3147 adponit,
449 3065 613 3126 remedium
637 3085 669 3126 se
693 3066 789 3146 spleni
811 3069 918 3149 lacere,
944 3075 1047 3147 postea
1070 3067 1156 3146 splen

233 3218 431 3290 ipericnlum.
526 3223 703 3290 4purcinae.
802 3220 953 3275 1011131010.
1055 3225 1156 3276 1810-

143 3291 227 3345 biam.
345 3297 378 3347 18
407 3307 499 3347 serum
527 3291 690 3362 caprunum]
719 3307 814 3345 ervum
837 3291 929 3359 Piera,
961 3295 1032 3345 otc
1017 3291 1052 3358 cf.
1076 3289 1153 3346 Pleu.

143 3363 353 3431 11.11.28,130
445 3368 477 3417 31
499 3363 648 3418 alienoso.
728 3361 764 3416 da
782 3360 943 3415 bibendum.
1022 3358 1154 3432 caninus]

143 3431 259 3500 pecudis
278 3433 353 3488 Pliu.
