2636 3790
563 118 781 182 ..52-

170 282 306 363 glabrum
328 281 427 342 locum
450 281 602 361 perfricet,
625 281 666 340 ita
689 287 723 341 ut
745 281 830 358 prius
851 279 902 338 diu
921 278 1012 339 linteo
1032 280 1183 356 asperiore

117 385 151 435 31
171 373 332 450 detergeat.
370 369 544 448 Aphronitri
566 368 650 430 floris
672 365 779 447 pilulas
803 365 898 449 XXX,
926 385 1035 427 nucem
1056 369 1183 448 pineam,

171 460 208 521 de
227 466 430 539 quapropter
448 465 623 519 vetustatem
642 456 742 518 nuclei
759 455 934 536 deciderint,
952 464 1078 536 tunsam,
1101 474 1184 535 sapo-

171 551 220 610 nis
242 547 346 608 Gallici
369 545 522 627 selibram,
550 548 611 606 vini
633 545 750 606 Aminei
776 543 897 624 cyathos
920 553 982 604 tres
1007 543 1094 605 simul
1118 563 1183 624 per·

170 635 312 698 miscebis
336 643 366 696 et
389 644 527 696 conteres
551 642 581 695 et
604 641 694 713 caput
716 632 851 712 glabrum
872 631 993 694 inlines:
1015 631 1073 694 hoc
1091 633 1212 694 medi-c

118 727 286 786 creamine
319 726 408 785 etiam
440 725 532 802 crispi
566 722 665 802 capilli
691 729 860 783 nascentur.
906 719 999 780 ldalra
1031 739 1101 782 cum
1132 740 1184 784 sua

172 813 273 875 radice
295 813 487 874 vehementer
514 813 668 892 coquitur,
695 829 731 870 ex
758 811 844 871 cuius
872 827 947 888 aqua
970 809 1107 889 capillus,
1135 813 1185 870 cui

119 913 153 962 33
173 904 327 963 curatione
351 919 427 980 opus
450 909 505 982 est,
528 903 559 962 in
582 899 688 961 balneo
711 898 834 960 adsidue
853 895 975 959 lavatur.
1012 897 1078 958 Olei
1096 900 1185 959 cicini

175 989 289 1071 -111,
322 989 419 1050 ladani
443 1023 484 1032 -
508 989 561 1070 lll,
594 988 698 1049 ladano
731 991 803 1074 trito
834 986 975 1068 paulatim
1007 986 1184 1047 admiscehis

172 1077 271 1138 oleum
294 1084 325 1138 et
348 1095 417 1138 oum
439 1077 535 1138 mellis
562 1077 790 1138 crassitudinem
814 1075 934 1156 leceris,
958 1074 1074 1136 radices
1097 1075 1185 1155 capil-
1200 1093 1227 1132 ιο

172 1164 271 1226 lorum
293 1165 416 1226 adsidue
438 1165 555 1228 inhnes

599 1357 680 1419 GAP.
703 1357 763 1419 Vll.

173 1469 302 1539 oapfllo
329 1469 493 1538 nigrando
521 1472 556 1525 et
582 1469 809 1538 incrispando.
855 1469 915 1525 His
946 1471 1077 1525 adiecta
1104 1474 1187 1526 sunt

208 1571 297 1628 quae
319 1558 479 1627 phlegma
501 1561 537 1614 et
558 1557 796 1630 perfrictiones
819 1557 937 1628 caplcts
961 1559 1146 1614 deducunt.

138 1706 153 1753 1
264 1692 428 1772 Crispando
466 1693 572 1774 capillo
607 1695 843 1773 conpositionem
875 1693 1047 1755 huiusmodi
1078 1693 1187 1756 facies:
1279 1699 1280 1702 ’

173 1781 349 1861 Aphronitri
371 1781 454 1842 horis
472 1783 598 1844 tortulas
617 1800 742 1843 numero
761 1780 850 1863 XXX,
874 1799 982 1843 nucem
1000 1785 1127 1862 pineam,
1151 1782 1186 1843 de

174 1888 232 1950 qua
256 1877 380 1948 propter
403 1878 580 1933 vetustatem
602 1871 703 1932 nuclei
725 1870 839 1950 delapsi,
860 1871 934 1952 sint,
962 1879 1080 1932 tunsam
1104 1879 1134 1932 et
1156 1873 1188 1931 in

174 1957 329 2038 pulverem
353 1958 512 2040 redactam,
540 1961 661 2039 saponis
684 1958 786 2020 Gallici
810 1957 912 2019 -111
936 1966 966 2020 et
988 1961 1104 2020 Aminei
1127 1961 1230 2020 vini1⁵

175 2046 297 2127 cyathos
319 2045 369 2128 lll,
392 2056 481 2128 atque
504 2049 574 2109 inde
598 2055 687 2127 caput
709 2047 817 2108 inlines
840 2055 871 2108 et
893 2049 924 2108 in
943 2046 1049 2108 balneo
1068 2046 1185 2108 lavabis.

176 2134 356 2214 sphondylio
381 2154 499 2215 quoque
523 2145 612 2216 caput
638 2144 836 2215 perungatur,
864 2135 916 2196 sed
944 2139 1029 2214 prius
1058 2135 1186 2196 radatur.

137 2221 307 2283 aCornum
335 2225 436 2285 arietis
458 2232 563 2286 uratur
587 2227 721 2304 cinisque
745 2226 810 2285 eius
834 2242 903 2284 cum
926 2223 991 2284 oleo
1015 2231 1187 2284 conteratur

140 2317 267 2389 satque
294 2310 363 2372 inde
392 2311 531 2374 derasum
563 2321 652 2392 caput
684 2314 857 2392 frequenter
886 2319 1023 2392 ungatur.
1070 2311 1187 2391 Capillis

176 2398 329 2477 nigrandis
352 2399 474 2462 infectio
496 2403 619 2480 optima:
655 2401 857 2463 llirundinum
885 2409 1001 2461 stercus
1008 2447 1017 2480 ,
1045 2411 1188 2478 quantum
1203 2416 1230 2456 ao

178 2486 318 2570 sufficiat,
347 2506 415 2548 cum
444 2492 520 2551 aceti
543 2491 672 2551 sextario
695 2492 779 2551 mitte
803 2492 835 2550 in
857 2507 908 2549 vas
931 2488 1021 2550 fictile
1045 2497 1134 2569 atque
1157 2491 1189 2550 in

178 2575 247 2636 timo
276 2575 419 2637 caballino
447 2597 502 2658 per
530 2578 594 2639 dies
621 2577 728 2638 XXXV
755 2578 914 2639 suffossum
942 2576 1050 2638 habeto
1080 2596 1113 2638 ac
1146 2580 1188 2638 sic

179 2671 327 2725 macerato
350 2672 440 2744 atque
463 2666 520 2728 hoc
543 2667 759 2728 medicamento
782 2685 882 2727 rasum
906 2675 995 2744 caput
1018 2665 1135 2726 inlinito
1158 2668 1189 2726 in

178 2751 284 2812 umbra
310 2771 365 2832 per
392 2755 563 2832 peniculum
586 2758 718 2835 pictoris.
760 2754 820 2816 Sed
843 2773 913 2815 sero
936 2755 1056 2816 cervino
1085 2755 1188 2815 faciem

178 2841 263 2918 prius
286 2859 429 2925 perunga,
452 2861 490 2904 ne
513 2844 677 2923 quidinde
700 2843 830 2906 destillet
853 2850 883 2904 et
905 2843 1046 2924 maculet,
1070 2850 1101 2903 et
1119 2842 1189 2904 dum
1204 2858 1232 2898 2⁵

180 2929 309 2994 siccatur
331 2930 466 3012 iniectio,
489 2932 588 2993 oleum
611 2935 688 2993 intra
712 2951 745 2992 os
769 2939 879 3012 teneto,
904 2949 942 2992 ne
966 2939 996 2992 et
1019 2931 1123 2992 dentes
1147 2933 1190 2991 in-

180 3017 332 3099 ficiantur,
355 3036 389 3080 ac
411 3027 569 3100 postquam
592 3022 772 3100 imposueris
795 3020 987 3097 medicamen,
1014 3028 1119 3099 quarto
1143 3020 1191 3080 die
1275 3079 1276 3102 ,

76 3145 79 3150 -
145 3114 271 3184 4caput
294 3106 396 3169 lavato.
437 3108 568 3170 Medium
595 3109 722 3189 lapidem
748 3111 894 3170 conterito
918 3112 1005 3188 eique
1029 3107 1190 3169 admisceto
1275 3105 1276 3132 ¹

180 3194 267 3256 nardi
293 3197 363 3274 puri
391 3207 533 3276 qrrantum
562 3200 633 3260 satis
661 3196 824 3278 videbitur,
856 3215 915 3276 quo
943 3197 1137 3258 medicamine
1166 3198 1192 3256 si

179 3282 353 3362 lrcqrrcnter
367 3294 457 3364 caput
469 3305 593 3368 unguas,
612 3285 785 3366 prohibebis
804 3303 893 3347 canos
907 3287 990 3348 nasci
1003 3294 1034 3347 et
1047 3287 1078 3347 in
1093 3285 1191 3347 locum
1205 3301 1233 3342 ao

250 3477 285 3526 29
303 3491 322 3528 o
341 3472 484 3530 videbitur
500 3475 630 3532 ammoto
647 3475 730 3531 codsa
748 3489 846 3532 cornu
863 3473 974 3545 indpit.
1028 3480 1063 3531 30
1076 3490 1191 3546 ungens.
