2528 3814
538 91 690 156 -302
739 128 775 136 -

535 270 615 331 cli.
640 269 781 331 xxviiii.

148 384 204 440 Ad
222 383 338 440 colum
357 386 392 440 et
410 383 454 438 ad
471 381 563 438 ileon
580 383 732 438 remedie
744 381 887 452 physica
905 384 940 437 et
953 381 1170 440 rationabilia

419 471 553 528 diversa
575 472 618 526 de
642 470 894 541 experimentis.

114 621 127 670 1
238 608 317 670 Bene
341 609 412 670 iacit
435 607 471 668 ad
495 607 583 688 ileon,
607 608 687 687 quod
707 609 811 668 vitium
831 615 877 668 cst
895 605 1008 668 indatio
1028 611 1168 670 tenuium

149 699 368 778 intestinorum,
391 696 508 776 galbani
531 695 556 755 i
580 698 713 757 semissis
736 694 904 777 devoratus,
929 696 982 757 sed
1005 698 1037 757 in
1058 697 1168 776 pilulas

149 786 261 846 divisus
289 786 363 846 duas
391 785 437 846 vel
464 791 545 866 tres3
574 793 672 846 movet
700 786 779 846 enim
807 793 927 846 ructum
955 793 985 846 et
1012 787 1168 848 interdum

148 874 239 936 deicit
262 882 383 952 ventum
407 874 548 934 deorsum
571 881 660 952 atque
684 875 724 934 ita
747 873 877 951 prodest.

113 977 129 1022 2
236 963 281 1024 Ad
304 963 384 1024 idem
408 965 512 1023 vitium
535 963 660 1022 mirifice
684 962 807 1042 prodest
829 961 886 1022 hoc
904 961 1193 1043 medicamentum,a

149 1051 229 1122 iacit
247 1059 346 1112 autem
375 1058 406 1111 et
433 1051 468 1111 ad
497 1049 598 1111 lateris
627 1050 760 1111 dolorem
787 1057 818 1110 et
845 1049 881 1110 ad
908 1068 1025 1110 omnem
1049 1059 1166 1130 partem

148 1141 283 1217 corperis
306 1141 471 1218 interioris,
502 1141 610 1217 accipit
637 1139 724 1200 hace:
761 1137 853 1198 Dauci
881 1141 1016 1219 seminis,
1044 1143 1166 1218 panacis

148 1227 272 1307 radicis,
294 1228 422 1286 castorei
444 1228 527 1303 paria
550 1227 689 1307 pondera,
714 1235 798 1287 rutae
822 1226 970 1288 silvaticae
995 1228 1166 1310 dimidium3

149 1315 283 1374 contusis
306 1314 353 1373 his
377 1312 534 1392 speciebus
557 1315 617 1374 mel
638 1315 804 1396 decoctum,
828 1314 907 1394 quod
927 1316 1064 1398 sufficiat,
1088 1318 1166 1378 adici

148 1409 268 1482 oportet
296 1409 385 1481 atque
414 1401 483 1464 inde
509 1402 574 1463 dari
597 1402 623 1462 X
647 1403 777 1483 singulos
801 1413 852 1464 aut
875 1406 1024 1466 victoriati
1046 1406 1165 1484 pondus
1179 1417 1202 1457 1⁰

149 1510 184 1552 ex
208 1509 301 1571 aqrrac
325 1490 437 1552 calidae
461 1491 575 1570 cyathis
598 1492 696 1553 tribus
720 1499 771 1552 aut
794 1491 920 1554 duobus.

113 1593 128 1640 3
237 1579 355 1660 Optime
374 1581 444 1642 lacit
458 1580 494 1641 ad
508 1579 588 1640 ileon
601 1580 774 1642 huiusmodi
787 1581 991 1642 medicaminis
1005 1600 1061 1661 per
1075 1600 1167 1644 anum

32 1723 37 1734 .
147 1671 291 1731 inmissic.
333 1669 455 1730 Malvam
483 1677 515 1729 et
542 1670 661 1730 faenum
689 1687 829 1748 graecum
855 1688 924 1730 cum
947 1688 1023 1750 aqua
1046 1679 1168 1749 oportet

147 1757 224 1819 bene
253 1760 342 1838 coqui
370 1765 459 1838 atque
482 1758 552 1819 inde
576 1760 655 1819 sumi
677 1758 835 1819 heminam.
876 1758 949 1819 item
973 1760 1005 1819 in
1029 1759 1094 1820 cleo
1119 1778 1167 1820 se-

148 1846 290 1908 cundario
315 1849 477 1926 incoquere
506 1854 604 1908 rutam
632 1846 723 1908 debes
747 1865 834 1925 quam
858 1845 1017 1926 plurimam
1041 1856 1071 1908 et
1093 1849 1205 1910 hinc1⁵

147 1936 296 1996 heminam
325 1935 449 1997 calidam
477 1935 594 1996 adicere
622 1937 717 2014 priori
742 1954 844 2014 aquae.
887 1935 1002 2007 Quibus
1026 1939 1169 2017 utrisque

148 2025 306 2086 admisceri
329 2026 467 2085 convenit
490 2024 627 2085 aironitri
651 2025 834 2084 semunciam
862 2031 892 2084 et
914 2027 955 2084 ita
978 2043 1033 2104 per
1057 2026 1168 2106 clyste-

147 2132 212 2174 rem
239 2113 367 2174 calidum
390 2112 573 2173 medicamen
597 2115 716 2174 inmitti.
758 2111 819 2174 Hac
843 2130 898 2190 ego
921 2115 1081 2174 iniectione
1105 2117 1168 2175 iam

147 2210 265 2263 stercus
293 2219 348 2280 per
375 2219 409 2260 cs
438 2202 595 2262 eicientem
620 2201 781 2281 quendam,
809 2201 889 2280 quod
918 2203 1035 2280 signum
1060 2205 1166 2265 morti·

147 2291 244 2350 ierum
277 2297 339 2368 est,
372 2291 480 2350 sanavi.
525 2289 580 2350 Est
611 2297 711 2350 autem
739 2291 843 2350 vitium
875 2291 1165 2368 periculosissimum
1181 2304 1206 2343 2⁰

147 2377 220 2438 ileos
244 2386 274 2438 et
296 2377 354 2438 hec
377 2378 445 2438 ideo
466 2380 546 2438 inter
564 2381 724 2458 praecipua
743 2377 874 2438 remedia
893 2379 1038 2461 refertur,
1062 2399 1165 2459 quam·

147 2464 250 2527 obrem
275 2485 342 2528 cum
367 2484 472 2546 magna
493 2467 600 2528 fiducia
619 2465 676 2527 hoc
696 2484 790 2544 genus
809 2467 873 2526 vitii
892 2465 949 2526 hcc
967 2468 1164 2530 medicamine

148 2555 312 2616 sanandum
335 2556 458 2634 adgredi
481 2555 632 2616 debemus.

112 2655 130 2702 4
237 2643 281 2704 Ad
305 2643 362 2704 coli
385 2644 568 2706 inflationem
592 2643 668 2704 bene
693 2643 762 2704 iacit
786 2645 895 2724 cymini
914 2643 1040 2706 silvatici
1059 2663 1163 2706 semen

147 2749 201 2811 per
229 2750 261 2792 se
289 2740 323 2792 ut
351 2740 397 2793 est
424 2733 526 2794 datum
555 2734 661 2792 tritum
694 2740 837 2810 quantum
870 2731 1009 2794 cocliaria
1041 2735 1099 2793 tria
1130 2736 1163 2794 in
1178 2743 1204 2784 2⁵

148 2838 241 2899 aquae
266 2821 377 2881 calidae
401 2821 514 2900 cyathis
538 2828 688 2899 quattuor.

112 2921 128 2970 5
236 2909 310 2970 Nam
338 2909 421 2969 Cassi
450 2909 558 2970 medici
585 2907 678 2969 colice
706 2927 775 2970 vera
809 2910 909 2970 multis
940 2918 1008 2971 nota
1038 2918 1164 2989 propter

148 2997 285 3060 ellectum
309 2998 382 3058 haec
406 3006 460 3079 est,
484 3005 518 3059 ut
540 2996 577 3057 ab
601 2999 665 3057 eius
689 3016 774 3058 servo
798 2997 923 3058 Admeto
945 3001 1047 3077 accepi
1065 2997 1162 3078 legato

147 3084 249 3148 Tiberi
272 3087 415 3167 Caesaris,
439 3088 490 3166 qui
515 3103 579 3147 eam
604 3085 709 3146 solitus
731 3093 795 3147 erat
814 3105 995 3164 componere
1015 3089 1070 3148 sic:
1094 3086 1161 3165 Apii

148 3178 269 3238 seminis
293 3178 485 3257 semunciam,
508 3177 590 3236 anesi
614 3176 741 3255 unciam,
764 3177 892 3235 castorei
915 3178 1022 3236 cinciae
1045 3183 1161 3237 sextau-
1175 3193 1201 3233 sc

237 3387 270 3436 15
290 3381 369 3438 debis
387 3388 437 3437 lm
459 3382 544 3437 debes
562 3385 619 3437 2m.
714 3385 746 3434 1⁷
768 3378 887 3434 elistere.
981 3385 1016 3435 28
1035 3379 1160 3435 Atimeto

146 3449 271 3508 Scribere.
343 3453 443 3522 accipi.
