2564 3794
554 116 768 180 „84-

157 277 378 358 liberabuntur,
407 277 527 356 quidam
556 279 645 337 etiam
671 275 827 336 adfirmant
855 277 1094 338 efficacissimum
1122 297 1169 338 re-

157 366 289 426 medium
311 383 377 425 esse
401 366 438 426 ad
461 365 641 444 detergenda
664 364 856 445 glaucomata,
879 368 905 424 si
928 365 1033 426 catello
1053 365 1169 427 dierum

158 463 272 532 septem
295 462 385 532 caput
407 456 518 515 viventi
540 453 712 514 diffindatur
740 452 829 513 etde
853 453 955 514 dextra
978 463 1063 532 parte
1088 473 1169 515 cere·

158 542 207 602 hri
229 541 334 602 oculus
357 542 474 620 dexter,
502 543 538 603 de
568 543 687 602 sinistra
716 542 837 601 sinister
868 543 993 603 intincto
1019 541 1079 603 illic
1103 561 1169 621 spe·

107 630 418 708 mouille-inungatur.
462 630 501 690 Ut
523 630 687 690 Ieucomata
711 636 741 690 et
760 627 927 708 albuginem
947 633 1081 709 quamvis
1100 630 1197 693 den-o

158 737 220 779 sam
244 737 280 778 ex
303 719 388 779 oculo
408 719 571 799 detergeas,
590 725 688 778 turam
707 726 737 778 et
755 724 893 778 anturam
911 717 1020 780 herbas
1039 721 1170 780 virentes

158 807 336 868 nitidissime
360 807 498 868 collectas
522 806 687 867 contundes
716 813 746 865 et
773 824 827 885 per
854 805 980 867 linteum
1008 816 1097 868 tenue
1122 826 1169 869 su-

107 907 233 957 144com
253 913 356 979 earum
374 898 507 974 exprime
531 913 626 974 eoque
649 893 752 954 oculos
776 896 895 972 inunge.
937 892 1113 956 Leucomata
1137 903 1171 956 ut

159 993 302 1044 extenues
325 992 356 1044 et
379 984 537 1064 discutias,
559 991 646 1044 utere
669 982 878 1062 medicamine,
908 983 987 1061 quod
1011 985 1169 1044 conficitur

160 1075 216 1133 sic:
253 1071 384 1132 Pumicis
408 1072 556 1133 combusti
578 1073 643 1132 triti
667 1063 707 1156 d9-
726 1069 821 1151 XIIII,
849 1071 1014 1132 chalcitidis
1039 1065 1079 1158 2·
1098 1071 1170 1150 VIII,
1187 1093 1212 1131 1o

159 1161 287 1238 gummis
311 1151 424 1243 2111!
448 1169 477 1220 et
501 1161 613 1236 sinapis
635 1158 791 1238 pusillum,
814 1167 849 1219 ut
872 1159 1024 1240 toleretur,
1047 1160 1171 1239 adicies3

159 1247 232 1306 haec
260 1249 358 1306 omnia
391 1250 422 1306 in
453 1249 660 1308 tenuissimum
691 1245 843 1324 pulverem
871 1248 992 1308 redacta
1018 1250 1049 1308 in
1079 1266 1173 1309 unum

160 1336 307 1413 permisce
331 1342 361 1394 et
384 1353 421 1394 ex
440 1353 515 1413 aqua
538 1335 657 1394 fontana
678 1334 767 1394 facito
786 1334 907 1413 collyria
926 1338 1084 1416 crassiora,
1109 1339 1173 1415 qui·

160 1422 216 1484 bus
245 1424 289 1482 sic
316 1425 425 1503 uteris,
452 1431 486 1483 ut
514 1421 717 1483 circumdetur
743 1421 841 1482 tribus
864 1423 998 1500 partibus
1022 1442 1090 1484 cera
1114 1425 1173 1485 col-

160 1511 281 1590 lyrium,
308 1511 359 1570 sed
383 1519 550 1571 extremum
573 1509 687 1590 collyrii
710 1512 750 1571 sit
772 1509 835 1570 levo
859 1529 893 1570 ac
915 1519 1015 1592 tenue,
1038 1513 1119 1591 quod
1143 1516 1174 1573 in
1189 1534 1214 1574 m
1259 1559 1260 1590 ,

160 1601 258 1678 ipsum
286 1598 420 1660 leucoma
448 1601 573 1677 inponas
601 1607 632 1658 et
657 1598 727 1659 iube
756 1598 876 1659 oculum
903 1599 1053 1678 adoperiri
1080 1602 1174 1680 pauli-

161 1705 240 1768 sper,
259 1705 297 1746 ne
320 1687 437 1748 excidat
455 1686 624 1768 collyrium3
644 1687 723 1766 quod
742 1688 769 1747 si
787 1687 940 1768 exciderit,
958 1690 1068 1749 iterum
1087 1707 1175 1770 repo·

161 1783 258 1855 natur,
277 1775 435 1853 posthaec
454 1777 566 1854 inunge
580 1775 700 1836 oculum
714 1775 775 1835 leni
788 1774 919 1856 collyrio,
939 1779 1039 1838 statim
1058 1779 1177 1839 emittet

162 1865 247 1943 quasi
269 1882 429 1942 squamam.
465 1863 498 1924 Si
521 1881 592 1942 ergo
615 1881 756 1942 magnum
777 1863 912 1924 leucoma
935 1865 1026 1926 fuerit
1044 1873 1074 1926 et
1092 1884 1175 1928 cras-

162 1969 238 2032 sum,
260 1953 301 2012 ita
325 1952 456 2014 curabis:
481 1955 527 2013 sin
551 1959 650 2013 autem
672 1960 772 2033 tenue,
795 1971 865 2012 cum
887 1955 1055 2035 inposueris
1078 1955 1174 2015 medi·
1190 1975 1215 2014 m

161 2058 273 2120 camon,
297 2043 442 2102 maturius
466 2040 565 2121 tolles;
588 2047 691 2118 postea
713 2058 784 2100 vero
807 2048 892 2100 utere
911 2041 947 2100 ad
967 2043 1172 2103 inunctionem

162 2127 292 2208 collyrio,
311 2129 390 2207 quod
406 2129 517 2190 Graeco
536 2127 679 2188 vocabulo
698 2128 842 2207 diacopon
861 2127 1038 2210 appellatur;
1061 2131 1173 2190 etenim

162 2217 240 2294 apud
267 2217 399 2277 medicos
414 2217 483 2290 *hoc
511 2216 626 2294 collyrii
652 2234 747 2294 genus
774 2234 909 2295 magnam
936 2215 1026 2277 hahet
1049 2217 1173 2278 effectus

111 2305 216 2363 1tosui
238 2303 419 2381 dignitatem.
456 2304 596 2364 Turturis
619 2304 707 2364 fimus
731 2304 766 2364 ad
791 2323 934 2365 summam
953 2304 1101 2366 levitatem
1121 2307 1173 2364 tri·

162 2399 211 2452 tus
240 2399 269 2450 et
297 2409 366 2452 cum
388 2391 475 2451 melle
499 2392 595 2452 Attico
619 2399 670 2452 aut
693 2395 782 2452 etiam
805 2393 927 2453 alterius
949 2395 1067 2472 generis
1089 2393 1172 2453 dum·
1189 2410 1214 2453 sa

163 2478 251 2538 modo
274 2482 386 2558 optimo
411 2487 441 2540 et
463 2479 637 2559 despumato
660 2482 802 2542 inunctus
830 2480 995 2542 Ieucomata
1019 2480 1175 2543 oculorum

112 2578 162 2628 146
169 2575 307 2646 potenter
326 2576 473 2629 extenuat.
504 2567 579 2629 Galli
597 2566 751 2646 gallinacei
769 2571 895 2629 maxime
914 2569 972 2630 albi
991 2569 1030 2630 iel
1048 2589 1084 2630 ex
1098 2584 1175 2646 aqua

163 2655 291 2716 dilutum
319 2665 349 2717 et
375 2659 543 2717 inunctioni
572 2657 737 2718 adhibitum
765 2657 930 2719 Ieucomata
958 2658 1113 2719 oculorum
1144 2663 1175 2714 et

112 2744 331 2823 liuppochyses
359 2753 442 2807 sanat
474 2755 505 2806 et
536 2747 628 2806 aciem
660 2745 806 2806 lumInum
838 2747 1000 2806 confirmat.
1052 2746 1175 2806 Stercus

165 2849 283 2910 quoque
302 2833 495 2912 gallinaceum
514 2834 614 2894 album
633 2853 701 2894 cum
725 2833 789 2893 oleo
811 2844 911 2896 vetere
930 2837 1104 2896 tenuissime
1123 2831 1175 2890 tri·
1190 2850 1217 2890 oo

113 2927 233 2980 metum
252 2931 282 2981 et
300 2921 468 3001 adpositum
491 2922 570 2983 idem
595 2922 688 2983 oculis
707 2922 833 2982 remedii
850 2931 989 3001 praestat.
1021 2922 1073 2983 Fel
1091 2916 1177 2979 vituli

165 3007 323 3087 diligenter
351 3010 508 3072 collectum
536 3010 572 3071 ad
598 3010 709 3090 cotylae
734 3027 904 3072 mensuram
927 3013 958 3072 in
981 3029 1031 3072 vas
1055 3023 1176 3071 aereum

165 3098 294 3158 mittitur
321 3102 464 3178 tenuique
492 3101 561 3178 igne
589 3099 705 3160 admoto
729 3101 770 3160 ita
794 3102 983 3181 excoquitur,
1011 3107 1044 3160 ut
1068 3097 1175 3177 spisse-

165 3192 229 3268 tur,
257 3187 363 3248 deinde
391 3187 487 3248 mellis
515 3187 586 3248 boni
612 3195 727 3248 tantum
754 3189 896 3269 mittitur,
929 3197 1072 3268 quantum
1100 3181 1177 3244 ielliS

165 3273 245 3337 illius
273 3275 389 3337 decocti
415 3277 605 3356 remanserit3
638 3275 809 3337 adiciuntur
841 3284 944 3355 postea
976 3292 1092 3356 myrrae
1124 3271 1177 3330 tri·
1192 3295 1218 3337 ao

167 3371 212 3424 tae
227 3365 383 3426 drachmae
398 3365 474 3426 dnae
493 3372 524 3425 ct
539 3366 621 3424 croci
638 3383 697 3424 una
716 3372 746 3424 et
764 3366 841 3425 aeris
860 3364 942 3426 floris
961 3363 1125 3445 pauxillum
1144 3374 1178 3417 ac

166 3461 268 3528 postea
291 3453 378 3514 simul
401 3455 500 3513 omnia
523 3452 575 3512 diu
598 3454 742 3532 coagitata
765 3453 801 3514 ad
827 3456 931 3515 tertias
955 3455 1178 3534 decoquuntur3
