2540 3802
488 148 729 212 -211—-

188 309 346 370 Stomacho
366 309 529 370 remedium
545 312 689 388 optimum
706 311 742 370 de
757 314 959 389 experimento
976 313 1164 380 taleestz113

94 399 267 460 Petrosilini
290 401 394 458 uncias
417 407 488 478 tres,
512 397 581 458 salis
604 400 707 458 uncias
726 399 807 478 duas,
832 401 917 460 nardi
939 404 1037 480 spicae
1057 422 1110 463 un-

95 491 182 568 ciam,
206 489 315 562 amomi
338 489 441 548 uncias
465 487 547 568 duas,
569 487 675 566 hysopi
702 519 737 528 —
760 487 799 568 ll,
822 490 988 549 vettonicae
1013 523 1054 533 -
1074 491 1109 554 ll.

95 577 176 637 llaec
205 577 302 636 omnia
330 577 361 634 in
390 593 545 636 cucumam
568 575 689 635 fictilem
707 594 811 636 novam
835 579 948 657 mittes,
972 596 1047 656 quae
1072 582 1110 640 sit

68 667 296 726 ssextariorum
320 682 439 741 novem,
467 682 591 742 eamque
619 682 694 742 aqua
719 663 870 742 supplebis
894 673 924 724 et
947 664 1110 746 obturabis,

95 765 131 815 ut
154 753 303 814 modicum
328 754 500 830 spiramenti
524 752 688 831 relinquas,
717 760 746 812 et
774 753 923 832 decoques
947 754 982 814 ad
1006 757 1109 815 tertias

96 861 131 902 ao
162 842 259 902 denuo
288 859 361 919 aqua
387 840 538 920 supplebis
562 851 591 900 et
614 859 735 901 rursum
759 841 795 900 ad
819 844 923 902 tertias
946 842 1109 924 decoques;

8 981 12 990 .
94 940 168 991 tunc
193 930 302 990 adicies
326 928 421 989 mellis
445 930 549 1007 optimi
572 929 740 1006 despumati
763 933 946 1008 quartarium
971 941 1000 990 et
1019 933 1109 991 tertia

94 1021 159 1079 vica
184 1019 220 1079 ad
244 1018 356 1078 medias
380 1017 528 1096 decoquas
556 1036 590 1077 ac
617 1025 719 1096 postea
743 1019 773 1077 in
797 1018 916 1078 vasculo
940 1020 1035 1078 vitreo
1058 1026 1109 1078 aut

52 1127 79 1166 1o
94 1107 179 1168 fictili
202 1106 347 1167 recondes
371 1105 427 1166 sub
451 1105 602 1185 signaculo
630 1113 718 1184 atque
747 1125 782 1166 ex
811 1125 846 1166 eo
870 1107 1025 1168 adversum
1050 1115 1108 1167 sto-

93 1195 193 1256 machi
219 1195 351 1255 laborem
379 1202 463 1255 terna
492 1193 636 1255 coclearia
662 1213 698 1254 ex
727 1213 802 1273 aqua
825 1194 931 1275 calida,
960 1198 985 1255 si
1009 1194 1107 1256 febres

94 1293 192 1364 erunt,
215 1294 267 1345 aut
290 1302 326 1343 ex
349 1283 469 1344 condito
492 1285 620 1363 ieiunuS,
643 1285 751 1344 sinon
776 1292 872 1363 erunt,
896 1302 1004 1344 sumes.

181 1371 225 1432 Ne
249 1371 420 1432 stomachus
442 1373 650 1454 perfrigescat,
678 1373 779 1432 unctio
808 1372 1002 1432 saluberrima
1028 1372 1160 1436 haec114

93 1469 152 1521 est:
175 1460 327 1520 Foliorum
349 1460 425 1521 lauri
449 1469 479 1521 et
501 1460 650 1540 bacarum,
674 1461 872 1539 laenograeci,
897 1463 1034 1540 samsuci,
1056 1480 1106 1521 cu-

52 1567 78 1607 15
93 1551 204 1629 pressi,
232 1551 309 1609 roris
332 1550 440 1609 marini
463 1552 566 1609 uncias
590 1549 720 1627 singulas
744 1549 910 1608 contundes
933 1558 964 1608 et
987 1551 1018 1608 in
1045 1551 1106 1608 vini

94 1640 204 1698 veteris
226 1639 362 1698 sextariis
380 1636 404 1695 V
426 1656 481 1718 per
504 1637 636 1697 triduum
661 1636 833 1716 macerabis,
857 1645 963 1714 quarto
981 1635 1028 1695 die
1048 1635 1106 1696 olei

94 1726 166 1787 boni
190 1729 335 1787 sextarios
358 1734 421 1786 tres
445 1726 554 1786 adicies
579 1733 608 1784 et
631 1727 662 1784 in
686 1725 742 1784 olla
765 1724 833 1784 rudi
856 1724 892 1784 ad
915 1742 1027 1802 prunas
1046 1742 1105 1784 nou

94 1834 181 1879 aores,
203 1818 244 1875 ita
264 1814 422 1894 decoquas,
446 1815 539 1874 donee
559 1815 659 1872 vinttm
680 1820 880 1890 consumatur,
904 1819 975 1872 tunc
995 1810 1105 1872 colabis

94 1913 125 1964 et
148 1911 336 1966 excrementa
360 1902 406 1962 vel
427 1903 531 1962 sordes
550 1901 660 1962 abicies
680 1908 710 1960 et
728 1918 834 1960 rursus
853 1899 939 1960 ollam
959 1918 1026 1960 oum
1045 1918 1105 1959 me·

53 2009 81 2049 ao
95 1992 240 2053 dicamine
260 1992 296 2052 ad
316 2000 422 2052 tenues
441 2009 553 2069 prunas
572 2008 699 2069 repones
718 1991 805 2067 eique
824 1987 914 2048 addes
934 2006 1019 2048 cerae
1038 1990 1105 2048 niti-

95 2081 149 2141 dae
173 2079 288 2161 libram,
311 2081 428 2140 resinae
447 2078 664 2139 terebinthinae
683 2085 825 2156 purgatae
845 2075 991 2137 selibram.
1025 2075 1105 2136 llaec

2 2189 3 2252 q
94 2172 191 2230 omnia
218 2171 365 2248 permixta
393 2175 422 2229 et
450 2170 593 2246 coagitata
621 2167 656 2226 ad
686 2166 807 2227 modum
837 2167 930 2225 ceroti
959 2163 1105 2226 recondes

2 2259 4 2358 l
94 2267 124 2318 et
152 2276 221 2318 cum
249 2275 325 2336 opus
353 2258 456 2337 fuerit,
485 2275 544 2316 non
573 2255 668 2316 solum
696 2255 731 2315 ad
755 2252 912 2333 stomachi,
940 2253 991 2314 sed
1016 2256 1104 2313 etiam

2 2371 4 2448 q
93 2346 128 2405 ad
150 2364 309 2406 nervorum
328 2354 358 2405 et
376 2344 579 2406 musculorum
599 2344 840 2423 perfricationem
859 2343 953 2402 uteris
973 2341 1104 2402 saluber·

49 2450 75 2491 ss
89 2436 166 2494 rimo
188 2440 350 2513 unguento.

179 2522 352 2582 Antidotum
375 2521 529 2602 Hadriani,
558 2539 617 2598 quo
640 2519 780 2580 utebatur
806 2518 914 2579 Caesar
937 2519 1154 2598 Augustusne

2 2635 3 2676 t
90 2629 165 2690 quae
189 2613 271 2690 potio
295 2611 345 2670 dat
367 2612 448 2669 omni
471 2611 591 2689 corpori
617 2609 834 2688 fortitudinem3
864 2609 999 2687 quisquis
1022 2609 1101 2667 enim

2 2679 3 2770 l
89 2719 124 2760 ea
148 2717 222 2760 usus
245 2699 344 2778 fuerit,
367 2716 422 2758 nec
446 2698 591 2758 stomachi
614 2716 669 2758 neo
693 2699 833 2757 iocineris
856 2714 911 2756 uec
932 2698 1027 2774 epatis
1046 2714 1101 2755 nec

2 2807 3 2846 t
90 2788 203 2867 splenis
227 2806 283 2848 nec
307 2787 405 2847 cordis
428 2805 483 2848 nec
506 2787 608 2847 lateris
632 2794 683 2846 aut
705 2785 853 2864 pulmonis
882 2793 932 2845 aut
960 2801 1100 2845 coxarum

2 2943 3 2946 Ἴ
48 2895 76 2935 ao
90 2876 208 2937 dolores
227 2878 365 2956 patietur,
385 2876 436 2936 sed
456 2894 511 2936 nec
530 2883 642 2936 tussem
657 2893 713 2935 nec
727 2875 936 2953 perfrictiones
950 2891 1005 2934 neo
1021 2890 1100 2949 spas-

90 2984 154 3026 mos
178 2984 233 3025 nec
258 2963 315 3025 ooli
338 2964 455 3025 dolores
480 2965 588 3025 sentiet
613 2982 668 3024 neo
692 2963 890 3043 dysintericos
914 2979 969 3022 nec
993 2960 1100 3039 hydro-

89 3056 176 3134 picus
200 3072 256 3115 nec
275 3055 458 3132 suspiriosus
477 3059 527 3113 aut
546 3052 713 3112 cholericus
732 3053 797 3112 crit.
834 3050 917 3110 Facit
936 3052 1024 3110 etiam
1043 3049 1100 3107 boc

88 3143 255 3203 remedium
284 3150 388 3203 contra
417 3159 519 3202 omnes
543 3159 662 3201 umores
686 3141 790 3199 noxios
814 3146 844 3198 et
868 3139 965 3198 omnia
988 3155 1100 3196 venena

179 3294 345 3350 iremedio.
402 3298 436 3347 14
450 3298 515 3362 post
533 3291 655 3362 cupressi
677 3293 741 3346 odd.
760 3288 856 3354 mirin3
875 3290 939 3356 fort.
959 3289 1100 3355 legendum

86 3365 181 3434 myrti.
268 3370 302 3420 21
325 3363 520 3419 barebinbinae
605 3360 948 3417 concurrentiam
974 3357 1098 3425 quisque.

87 3436 245 3506 aceperis
323 3441 357 3490 30
396 3433 596 3489 erfricaliones.
668 3448 787 3500 pasmos.
861 3436 893 3484 31
914 3427 1098 3483 disintericos

86 3508 237 3578 idropicus.
310 3512 344 3560 32
363 3454 524 3561 obolatieos.
596 3509 630 3558 33
648 3504 779 3556 humores
796 3501 905 3556 noxius.

885 3590 938 3642 14*
