2636 3790
580 163 793 226 ..30-

181 334 282 388 coctos
300 327 443 406 inponere
466 325 539 386 utile
558 334 604 386 est
623 324 669 386 vol
688 325 794 386 bulbos
813 323 913 384 scillae
933 342 969 384 ex
988 342 1063 403 aqua
1084 333 1195 406 coctos,

180 417 221 476 ita
244 421 278 476 ut
301 413 439 476 aluminis
462 414 567 494 liquidi
590 415 765 475 tantundem
787 413 929 493 ponderis
947 413 1146 474 admisceatur
1165 423 1195 475 et

127 518 161 568 22
181 507 224 564 sio
248 513 337 582 caput
360 503 510 564 inlinatur.
547 503 591 562 nd
610 522 654 585 ea,
675 521 752 582 quac
772 503 943 563 fervescunt
960 504 991 562 in
1010 505 1106 581 capite
1126 521 1195 563 cum

180 592 307 674 rubore,
334 591 388 653 lini
414 610 515 653 semen
545 600 704 653 contusum
732 599 763 653 et
786 591 871 652 melle
895 609 1089 670 consparsum
1109 593 1193 670 inpo-

127 682 313 746 tenendum
336 689 390 742 est.
428 681 473 741 dd
496 683 602 760 capitis
625 680 743 741 dolores
766 683 797 740 in
817 680 906 741 febri:
930 679 1024 741 Rutae
1044 679 1220 744 silvatioaos

181 772 304 832 seminis
333 770 377 831 vel
405 777 490 830 rutae
518 770 628 831 noditis
655 769 778 850 radicis,
810 788 848 830 ex
874 785 932 848 qua
954 768 1028 828 rhus
1051 771 1194 847 nascitur,

180 878 309 941 murrae,
328 859 471 940 pyrethri,
490 859 664 940 aphronitri,
684 857 753 918 salis
770 859 954 937 ammoniaci,
973 860 1085 937 piperis
1104 857 1194 938 longi,

180 948 308 1010 hederae
332 947 415 1008 albae
438 946 577 1009 loliorum
602 947 646 1008 vel
669 947 823 1028 bacarum,
847 946 960 1025 bidelli,
984 932 1109 1028 galbani,
1133 945 1192 1006 bal-

181 1039 263 1118 sami,
281 1039 335 1097 iris
354 1037 496 1116 illyricae,
516 1036 698 1114 singularum
719 1039 885 1116 specierum
904 1034 1046 1115 Xdenos,
1066 1036 1193 1096 castorei

181 1125 206 1184 Χ
230 1125 297 1204 llll,
325 1124 423 1185 balani
446 1127 636 1204 unguentarii
659 1124 685 1184 Χ
704 1124 742 1205 ll,
770 1125 884 1186 thamni
905 1123 931 1183 Χ
950 1123 984 1184 X.
1031 1124 1113 1185 Trita
1132 1142 1234 1189 om·1o

180 1215 228 1273 nia
256 1215 287 1272 in
315 1231 407 1274 unum
435 1215 605 1274 coiciuntur
633 1231 705 1273 cum
729 1215 807 1274 aceti
834 1211 963 1273 scillitici
986 1221 1130 1292 quantum
1154 1214 1193 1273 sit
1278 1215 1279 1248 ³

179 1300 255 1361 libra
277 1317 344 1361 tina.
382 1301 442 1362 Sed
464 1303 504 1363 ita
523 1301 738 1382 temperabitur
757 1302 948 1383 medicamen,
972 1301 1066 1362 donee
1090 1303 1192 1380 spissi·
1278 1291 1279 1300 ’

179 1389 314 1450 tudinem
337 1389 433 1450 mellis
452 1393 587 1472 recipiat,
609 1398 697 1469 atque
722 1392 762 1451 ita
785 1397 948 1469 reponetur
970 1393 1001 1450 in
1020 1409 1088 1450 vaso
1108 1389 1193 1450 fictili

179 1487 209 1538 et
232 1497 300 1538 cum
325 1497 400 1558 opus
421 1479 521 1559 luerit,
544 1479 614 1540 inde
633 1488 768 1540 sumetur
787 1487 929 1559 quantum
950 1481 1021 1540 satis
1040 1481 1088 1560 sit,
1112 1478 1192 1558 quod

178 1569 210 1626 in
243 1565 362 1627 linteolo
395 1567 471 1628 hene
503 1576 607 1628 tenero
640 1570 737 1646 spisso
765 1568 920 1647 inlinatur,
952 1576 1191 1647 perunctumque
1207 1591 1232 1633 1u

126 1661 161 1711 24
179 1673 301 1716 rosaceo
326 1655 442 1717 modico
465 1659 633 1736 inponetur.
672 1655 705 1716 Si
728 1659 837 1718 vastior
861 1657 951 1717 luerit
974 1656 1058 1717 dolor
1077 1659 1191 1737 capitis,

180 1744 429 1806 medicamentum
452 1753 511 1806 tam
535 1748 666 1824 spissum
689 1745 740 1806 liat
763 1747 1014 1826 infrascriptum,
1038 1764 1126 1826 quarn
1145 1754 1191 1806 est

180 1833 381 1915 emplastrum,
405 1842 436 1894 et
458 1833 578 1895 linteolo
603 1835 695 1895 denso
719 1836 894 1914 inponatur:
916 1835 992 1914 rigni
1015 1837 1137 1895 seminis
1161 1841 1192 1894 et

178 1923 343 2001 peucedani
362 1923 471 1984 radicis
490 1922 594 2005 Xllll,
614 1923 700 1984 iridis
719 1922 798 2004 llll3
822 1931 905 1984 aceto
924 1925 1008 2002 prius
1027 1931 1191 1984 maceratas

178 2010 232 2071 has
260 2014 376 2090 species
405 2029 553 2092 excoques
582 2011 626 2072 rel
650 2012 816 2073 contundes
839 2021 870 2073 et
891 2030 960 2072 rosa
982 2011 1078 2072 dilues
1102 2021 1190 2090 atque
1204 2035 1230 2076 ro

124 2105 159 2155 25
177 2101 218 2160 ita
242 2119 310 2160 raso
333 2103 422 2180 capiti
445 2103 579 2179 inpones
616 2101 660 2161 ld
680 2101 869 2162 vehementes
889 2101 1066 2161 feminarum
1085 2102 1191 2180 capitis

178 2187 296 2248 dolores
315 2196 345 2249 et
364 2190 581 2270 suffocationes,
601 2207 675 2268 quae
695 2189 731 2250 de
750 2189 836 2250 vulva
851 2192 981 2270 veniunt,
1000 2190 1079 2269 quod
1096 2205 1191 2269 genus
1279 2223 1280 2258 t

177 2276 353 2338 valetudinis
368 2277 473 2338 Graeci
486 2278 655 2357 hystericen
668 2280 758 2358 pniga
772 2285 886 2359 vocant,
905 2288 935 2340 et
953 2278 989 2338 ad
1004 2297 1063 2359 eos,
1078 2281 1131 2358 qui
1144 2297 1191 2340 ca·

129 2439 132 2447 ,
178 2365 247 2425 duci
266 2365 464 2447 appellantur,
483 2374 513 2427 et
532 2366 568 2427 ad
588 2367 749 2428 freneticos
768 2375 798 2428 ct
818 2369 870 2446 qui
887 2369 1046 2446 vertigines
1065 2367 1190 2428 habent:

178 2453 342 2533 Sphondyli
355 2453 381 2514 Χ
396 2473 456 2534 sex,
476 2457 604 2516 castorei
618 2454 643 2515 Χ
658 2454 703 2537 Vl,
717 2456 882 2536 peucedani
896 2455 922 2515 Χ
936 2456 971 2534 ll,
986 2474 1097 2516 nucum
1112 2473 1189 2515 ama·
1205 2479 1231 2521 rs

177 2561 277 2602 rarum
297 2542 386 2604 XVI.
428 2543 508 2605 Haec
532 2563 600 2606 oum
623 2552 707 2605 aceto
731 2553 761 2605 et
785 2562 851 2605 rosa
875 2545 950 2605 hene
974 2547 1044 2606 trita
1068 2552 1098 2605 et
1121 2563 1189 2622 per·

124 2637 158 2686 26
179 2633 269 2691 mixta
284 2634 374 2711 capiti
388 2633 596 2694 intunduntur.
633 2633 677 2693 dd
692 2633 823 2694 diutinos
838 2635 944 2712 capitis
959 2633 1085 2714 dolores,
1100 2635 1190 2694 ctiam

177 2727 359 2802 veternosos,
383 2739 458 2800 quos
477 2721 582 2782 Graeci
601 2721 778 2801 lethargicos
797 2731 911 2804 vocant,
931 2729 960 2782 et
979 2722 1140 2782 freneticos
1160 2729 1191 2782 et

177 2809 212 2869 ad
233 2813 330 2870 omnia
350 2812 428 2891 vitia,
448 2829 522 2890 quae
538 2813 617 2871 circa
631 2819 721 2889 caput
737 2819 927 2890 generantur,
946 2811 1085 2871 etiamad
1101 2811 1190 2890 poda-

176 2915 272 2976 gram:
305 2897 396 2960 Cerae
424 2899 449 2959 Χ
472 2898 646 2980 LXXXllll,
670 2899 728 2960 olei
756 2903 864 2960 veteris
888 2899 913 2959 Χ
936 2897 1098 2978 LXXXlll,
1127 2899 1189 2960 alu·
1203 2925 1230 2966 oo

177 2988 265 3046 minis
293 2988 356 3048 fissi
378 2988 405 3048 Χ
428 2987 478 3069 Vl,
505 2989 627 3067 glutinis
651 2991 761 3049 taurini
785 2988 810 3048 Χ
830 2988 869 3070 X,
898 2986 1062 3067 peucedani
1081 2986 1107 3047 Χ
1127 2987 1190 3069 ΧΧ,

176 3077 272 3136 casiae
287 3076 312 3136 Χ
328 3075 363 3154 X,
384 3079 500 3138 resinae
519 3077 738 3139 terebinthinae
752 3076 778 3136 Χ
792 3076 854 3154 XX,
874 3079 949 3156 picis
968 3075 1097 3155 liquidae
1112 3076 1138 3136 Χ
1153 3076 1189 3158 Χ,

176 3164 292 3243 galbani
311 3164 337 3225 Χ
357 3163 445 3247 Xllll,
465 3166 544 3226 aloes
563 3165 676 3226 XXVl.
714 3166 876 3228 Taurinum
896 3165 997 3245 gluten
1016 3183 1086 3225 oum
1105 3174 1189 3226 aceto

176 3254 212 3314 ad
231 3256 330 3332 ignem
350 3254 482 3335 solvitur,
504 3255 708 3334 peucedanum
728 3263 757 3316 et
776 3257 855 3316 casia
873 3258 940 3315 rino
957 3261 1105 3314 macerata
1119 3273 1189 3315 oon-

248 3395 262 3443 1
283 3394 386 3446 coctos.
458 3397 473 3446 6
493 3391 572 3463 rhus]
592 3391 687 3445 chrun.
752 3395 786 3446 1o
804 3390 1005 3459 unguentariae
1026 3389 1187 3445 (lornarins.

177 3465 209 3515 19
224 3463 341 3518 radices.
378 3467 413 3517 20
427 3479 595 3533 exquoques.
633 3468 666 3517 23
681 3462 794 3532 pignon.
832 3467 866 3516 28
880 3461 1028 3517 veteranis.
1065 3467 1098 3516 31
1114 3461 1188 3531 glut-

175 3532 249 3588 tinis.
324 3539 357 3589 32
377 3533 468 3589 casine
489 3532 516 3588 Χ
534 3534 559 3588 Χ
577 3550 627 3590 om.
702 3539 735 3588 33
754 3532 881 3588 taurinus
900 3533 1008 3605 glottis.
