<?xml version="1.0" encoding="UTF-8"?>
<!DOCTYPE html PUBLIC "-//W3C//DTD XHTML 1.0 Transitional//EN"
    "http://www.w3.org/TR/xhtml1/DTD/xhtml1-transitional.dtd">
<html xmlns="http://www.w3.org/1999/xhtml" xml:lang="en" lang="en">
 <head>
  <title>
</title>
<meta http-equiv="Content-Type" content="text/html;charset=utf-8" />
  <meta name='ocr-system' content='tesseract 3.04.00' />
  <meta name='ocr-capabilities' content='ocr_page ocr_carea ocr_par ocr_line ocrx_word'/>
</head>
<body>
  <div class='ocr_page' id='page_1' title='image "./marcellidemedic02helmgoog_0251.png"; bbox 0 0 2540 3802; ppageno 0'>
   <div class='ocr_carea' id='block_1_1' title="bbox 482 138 719 202">
    <p class='ocr_par' dir='ltr' id='par_1_1' title="bbox 482 138 719 202">
     <span class='ocr_line' id='line_1_1' title="bbox 482 138 719 202; baseline 0 0"><span class='ocrx_word' id='word_1_1' title='bbox 482 138 719 202; x_wconf 82' lang='lat'><strong>-239-</strong></span> 
     </span>
    </p>
   </div>
   <div class='ocr_carea' id='block_1_2' title="bbox 5 297 1158 3212">
    <p class='ocr_par' dir='ltr' id='par_1_2' title="bbox 89 297 1156 644">
     <span class='ocr_line' id='line_1_2' title="bbox 90 297 1105 385; baseline 0.006 -27"><span class='ocrx_word' id='word_1_2' title='bbox 90 300 171 358; x_wconf 89' lang='lat' dir='ltr'>intra</span> <span class='ocrx_word' id='word_1_3' title='bbox 193 299 338 376; x_wconf 87' lang='lat' dir='ltr'>parictem</span> <span class='ocrx_word' id='word_1_4' title='bbox 361 297 530 359; x_wconf 90' lang='lat' dir='ltr'>dormitorii</span> <span class='ocrx_word' id='word_1_5' title='bbox 549 298 678 360; x_wconf 84' lang='lat' dir='ltr'>cubiculi</span> <span class='ocrx_word' id='word_1_6' title='bbox 697 301 832 382; x_wconf 89' lang='lat' dir='ltr'>tectorio,</span> <span class='ocrx_word' id='word_1_7' title='bbox 855 300 884 361; x_wconf 96' lang='lat' dir='ltr'>id</span> <span class='ocrx_word' id='word_1_8' title='bbox 905 309 950 362; x_wconf 88' lang='lat' dir='ltr'>est</span> <span class='ocrx_word' id='word_1_9' title='bbox 969 303 1105 385; x_wconf 82' lang='lat' dir='ltr'>capsella,</span> 
     </span>
     <span class='ocr_line' id='line_1_3' title="bbox 90 386 1156 471; baseline 0.006 -25"><span class='ocrx_word' id='word_1_10' title='bbox 90 386 226 448; x_wconf 88' lang='lat' dir='ltr'>inclusus</span> <span class='ocrx_word' id='word_1_11' title='bbox 249 387 406 465; x_wconf 80' lang='lat' dir='ltr'><strong>reponitur</strong></span> <span class='ocrx_word' id='word_1_12' title='bbox 430 397 460 448; x_wconf 88' lang='lat' dir='ltr'>et</span> <span class='ocrx_word' id='word_1_13' title='bbox 483 387 613 466; x_wconf 85' lang='lat' dir='ltr'>desuper</span> <span class='ocrx_word' id='word_1_14' title='bbox 636 395 683 448; x_wconf 89' lang='lat' dir='ltr'>ter</span> <span class='ocrx_word' id='word_1_15' title='bbox 706 391 809 448; x_wconf 86' lang='lat' dir='ltr'>novies</span> <span class='ocrx_word' id='word_1_16' title='bbox 833 390 975 467; x_wconf 87' lang='lat' dir='ltr'>signatur.</span> <span class='ocrx_word' id='word_1_17' title='bbox 1013 391 1103 471; x_wconf 90' lang='lat' dir='ltr'>Spleu</span> <span class='ocrx_word' id='word_1_18' title='bbox 1122 404 1156 452; x_wconf 86' lang='lat'>48</span> 
     </span>
     <span class='ocr_line' id='line_1_4' title="bbox 89 475 1104 557; baseline 0.005 -21"><span class='ocrx_word' id='word_1_19' title='bbox 89 477 202 536; x_wconf 87' lang='lat' dir='ltr'>viventi</span> <span class='ocrx_word' id='word_1_20' title='bbox 216 475 313 537; x_wconf 90' lang='lat' dir='ltr'>catulo</span> <span class='ocrx_word' id='word_1_21' title='bbox 329 483 484 554; x_wconf 84' lang='lat' dir='ltr'>exemptus</span> <span class='ocrx_word' id='word_1_22' title='bbox 499 475 634 557; x_wconf 80' lang='lat' dir='ltr'>ciboque,</span> <span class='ocrx_word' id='word_1_23' title='bbox 653 476 706 536; x_wconf 92' lang='lat' dir='ltr'>sed</span> <span class='ocrx_word' id='word_1_24' title='bbox 724 484 827 538; x_wconf 90' lang='lat' dir='ltr'>coctus</span> <span class='ocrx_word' id='word_1_25' title='bbox 847 477 1002 557; x_wconf 88' lang='lat' dir='ltr'>splenitico</span> <span class='ocrx_word' id='word_1_26' title='bbox 1017 480 1104 541; x_wconf 91' lang='lat' dir='ltr'>datus</span> 
     </span>
     <span class='ocr_line' id='line_1_5' title="bbox 89 563 1105 644; baseline 0.006 -20"><span class='ocrx_word' id='word_1_27' title='bbox 89 565 240 642; x_wconf 79' lang='lat' dir='ltr'>ignoranti</span> <span class='ocrx_word' id='word_1_28' title='bbox 258 563 366 624; x_wconf 89' lang='lat' dir='ltr'>liberat</span> <span class='ocrx_word' id='word_1_29' title='bbox 385 581 453 625; x_wconf 90' lang='lat' dir='ltr'>eum</span> <span class='ocrx_word' id='word_1_30' title='bbox 473 567 606 644; x_wconf 89' lang='lat' dir='ltr'>quamvis</span> <span class='ocrx_word' id='word_1_31' title='bbox 625 567 754 644; x_wconf 89' lang='lat' dir='ltr'>graviter</span> <span class='ocrx_word' id='word_1_32' title='bbox 772 564 964 628; x_wconf 81' lang='lat' dir='ltr'>laborantem.</span> <span class='ocrx_word' id='word_1_33' title='bbox 994 568 1105 631; x_wconf 88' lang='lat' dir='ltr'>Sedant</span> 
     </span>
    </p>

    <p class='ocr_par' dir='ltr' id='par_1_3' title="bbox 62 651 1105 820">
     <span class='ocr_line' id='line_1_6' title="bbox 62 651 1105 735; baseline 0.01 -27"><span class='ocrx_word' id='word_1_34' title='bbox 62 652 178 714; x_wconf 80' lang='lat' dir='ltr'>olienis</span> <span class='ocrx_word' id='word_1_35' title='bbox 205 651 338 713; x_wconf 87' lang='lat' dir='ltr'>dolorem</span> <span class='ocrx_word' id='word_1_36' title='bbox 366 653 482 713; x_wconf 87' lang='lat' dir='ltr'>radices</span> <span class='ocrx_word' id='word_1_37' title='bbox 510 653 603 714; x_wconf 87' lang='lat' dir='ltr'>violae</span> <span class='ocrx_word' id='word_1_38' title='bbox 629 653 740 734; x_wconf 91' lang='lat' dir='ltr'>luteae,</span> <span class='ocrx_word' id='word_1_39' title='bbox 775 656 801 714; x_wconf 90' lang='lat' dir='ltr'>si</span> <span class='ocrx_word' id='word_1_40' title='bbox 833 673 869 715; x_wconf 83' lang='lat' dir='ltr'>ex</span> <span class='ocrx_word' id='word_1_41' title='bbox 897 665 981 717; x_wconf 89' lang='lat' dir='ltr'>aceto</span> <span class='ocrx_word' id='word_1_42' title='bbox 1010 657 1105 735; x_wconf 91' lang='lat' dir='ltr'>spleni</span> 
     </span>
     <span class='ocr_line' id='line_1_7' title="bbox 90 740 549 820; baseline 0 -18"><span class='ocrx_word' id='word_1_43' title='bbox 90 743 154 802; x_wconf 89' lang='lat' dir='ltr'>vice</span> <span class='ocrx_word' id='word_1_44' title='bbox 179 740 332 820; x_wconf 83' lang='lat' dir='ltr'>emplastri</span> <span class='ocrx_word' id='word_1_45' title='bbox 354 741 549 819; x_wconf 83' lang='lat' dir='ltr'>adponentur.</span> 
     </span>
    </p>

    <p class='ocr_par' dir='ltr' id='par_1_4' title="bbox 181 828 1156 912">
     <span class='ocr_line' id='line_1_8' title="bbox 181 828 1156 912; baseline 0.004 -23"><span class='ocrx_word' id='word_1_46' title='bbox 181 828 343 890; x_wconf 84' lang='lat' dir='ltr'>Tamariois</span> <span class='ocrx_word' id='word_1_47' title='bbox 365 829 497 891; x_wconf 83' lang='lat' dir='ltr'>radicem</span> <span class='ocrx_word' id='word_1_48' title='bbox 520 828 566 890; x_wconf 87' lang='lat' dir='ltr'>vel</span> <span class='ocrx_word' id='word_1_49' title='bbox 592 829 663 890; x_wconf 89' lang='lat' dir='ltr'>lolia</span> <span class='ocrx_word' id='word_1_50' title='bbox 687 832 756 892; x_wconf 91' lang='lat' dir='ltr'>trita</span> <span class='ocrx_word' id='word_1_51' title='bbox 781 849 816 891; x_wconf 81' lang='lat' dir='ltr'>cx</span> <span class='ocrx_word' id='word_1_52' title='bbox 840 840 923 894; x_wconf 91' lang='lat' dir='ltr'>aceto</span> <span class='ocrx_word' id='word_1_53' title='bbox 947 831 1029 893; x_wconf 91' lang='lat' dir='ltr'>bibat</span> <span class='ocrx_word' id='word_1_54' title='bbox 1051 835 1104 912; x_wconf 82' lang='lat' dir='ltr'>qui</span> <span class='ocrx_word' id='word_1_55' title='bbox 1122 845 1156 893; x_wconf 83' lang='grc'>49</span> 
     </span>
    </p>

    <p class='ocr_par' dir='ltr' id='par_1_5' title="bbox 5 917 1104 1175">
     <span class='ocr_line' id='line_1_9' title="bbox 5 917 1104 1002; baseline 0.005 -25"><span class='ocrx_word' id='word_1_56' title='bbox 5 987 6 992; x_wconf 13' lang='lat'>1</span> <span class='ocrx_word' id='word_1_57' title='bbox 91 918 127 978; x_wconf 91' lang='lat' dir='ltr'>de</span> <span class='ocrx_word' id='word_1_58' title='bbox 157 917 259 998; x_wconf 88' lang='lat' dir='ltr'>splene</span> <span class='ocrx_word' id='word_1_59' title='bbox 286 918 416 999; x_wconf 89' lang='lat' dir='ltr'>laborat,</span> <span class='ocrx_word' id='word_1_60' title='bbox 444 921 531 980; x_wconf 89' lang='lat' dir='ltr'>cuius</span> <span class='ocrx_word' id='word_1_61' title='bbox 562 937 651 979; x_wconf 91' lang='lat' dir='ltr'>usum</span> <span class='ocrx_word' id='word_1_62' title='bbox 679 921 705 980; x_wconf 92' lang='lat' dir='ltr'>si</span> <span class='ocrx_word' id='word_1_63' title='bbox 733 922 864 998; x_wconf 83' lang='lat' dir='ltr'>experiri</span> <span class='ocrx_word' id='word_1_64' title='bbox 891 921 1038 1002; x_wconf 83' lang='lat' dir='ltr'>volueris,</span> <span class='ocrx_word' id='word_1_65' title='bbox 1068 922 1104 982; x_wconf 91' lang='lat' dir='ltr'>da</span> 
     </span>
     <span class='ocr_line' id='line_1_10' title="bbox 5 993 1104 1091; baseline 0.004 -24"><span class='ocrx_word' id='word_1_66' title='bbox 5 993 7 1074; x_wconf 68' lang='lat' dir='ltr'>l</span> <span class='ocrx_word' id='word_1_67' title='bbox 90 1025 182 1086; x_wconf 91' lang='lat' dir='ltr'>porco</span> <span class='ocrx_word' id='word_1_68' title='bbox 210 1007 354 1068; x_wconf 88' lang='lat' dir='ltr'>edendam</span> <span class='ocrx_word' id='word_1_69' title='bbox 382 1025 436 1086; x_wconf 93' lang='lat' dir='ltr'>per</span> <span class='ocrx_word' id='word_1_70' title='bbox 463 1008 527 1068; x_wconf 89' lang='lat' dir='ltr'>dies</span> <span class='ocrx_word' id='word_1_71' title='bbox 550 1025 669 1089; x_wconf 82' lang='lat' dir='ltr'>novem3</span> <span class='ocrx_word' id='word_1_72' title='bbox 693 1025 762 1069; x_wconf 90' lang='lat' dir='ltr'>oum</span> <span class='ocrx_word' id='word_1_73' title='bbox 786 1027 852 1070; x_wconf 88' lang='lat' dir='ltr'>eum</span> <span class='ocrx_word' id='word_1_74' title='bbox 879 1009 1012 1091; x_wconf 91' lang='lat' dir='ltr'>occides,</span> <span class='ocrx_word' id='word_1_75' title='bbox 1040 1013 1104 1071; x_wconf 90' lang='lat' dir='ltr'>sine</span> 
     </span>
     <span class='ocr_line' id='line_1_11' title="bbox 50 1096 361 1175; baseline 0 -19"><span class='ocrx_word' id='word_1_76' title='bbox 50 1110 78 1148; x_wconf 87' lang='lat'>10</span> <span class='ocrx_word' id='word_1_77' title='bbox 92 1096 195 1175; x_wconf 87' lang='lat' dir='ltr'>splene</span> <span class='ocrx_word' id='word_1_78' title='bbox 218 1097 361 1156; x_wconf 83' lang='lat' dir='ltr'>invenies</span> 
     </span>
    </p>

    <p class='ocr_par' dir='ltr' id='par_1_6' title="bbox 179 1183 1156 1264">
     <span class='ocr_line' id='line_1_12' title="bbox 179 1183 1156 1264; baseline 0.002 -20"><span class='ocrx_word' id='word_1_79' title='bbox 179 1183 304 1245; x_wconf 90' lang='lat' dir='ltr'>Lacerta</span> <span class='ocrx_word' id='word_1_80' title='bbox 326 1183 429 1245; x_wconf 90' lang='lat' dir='ltr'>viridis</span> <span class='ocrx_word' id='word_1_81' title='bbox 450 1185 514 1244; x_wconf 86' lang='lat' dir='ltr'>viva</span> <span class='ocrx_word' id='word_1_82' title='bbox 533 1185 564 1244; x_wconf 91' lang='lat' dir='ltr'>in</span> <span class='ocrx_word' id='word_1_83' title='bbox 582 1187 659 1246; x_wconf 90' lang='lat' dir='ltr'>ostio</span> <span class='ocrx_word' id='word_1_84' title='bbox 678 1185 827 1264; x_wconf 88' lang='lat' dir='ltr'>splenitici</span> <span class='ocrx_word' id='word_1_85' title='bbox 844 1193 912 1246; x_wconf 90' lang='lat' dir='ltr'>ante</span> <span class='ocrx_word' id='word_1_86' title='bbox 932 1185 1103 1247; x_wconf 89' lang='lat' dir='ltr'>cubiculum</span> <span class='ocrx_word' id='word_1_87' title='bbox 1122 1196 1156 1246; x_wconf 84' lang='lat'>50</span> 
     </span>
    </p>

    <p class='ocr_par' dir='ltr' id='par_1_7' title="bbox 5 1271 1156 1689">
     <span class='ocr_line' id='line_1_13' title="bbox 91 1271 1103 1353; baseline 0.002 -19"><span class='ocrx_word' id='word_1_88' title='bbox 91 1275 156 1334; x_wconf 87' lang='lat' dir='ltr'>eius</span> <span class='ocrx_word' id='word_1_89' title='bbox 181 1271 374 1352; x_wconf 87' lang='lat' dir='ltr'>suspenditur</span> <span class='ocrx_word' id='word_1_90' title='bbox 397 1275 451 1353; x_wconf 91' lang='lat' dir='ltr'>ita,</span> <span class='ocrx_word' id='word_1_91' title='bbox 479 1281 513 1334; x_wconf 89' lang='lat' dir='ltr'>ut</span> <span class='ocrx_word' id='word_1_92' title='bbox 539 1272 705 1351; x_wconf 89' lang='lat' dir='ltr'>procedens</span> <span class='ocrx_word' id='word_1_93' title='bbox 733 1282 764 1335; x_wconf 94' lang='lat' dir='ltr'>et</span> <span class='ocrx_word' id='word_1_94' title='bbox 786 1274 906 1335; x_wconf 88' lang='lat' dir='ltr'>rediens</span> <span class='ocrx_word' id='word_1_95' title='bbox 935 1293 999 1336; x_wconf 89' lang='lat' dir='ltr'>eam</span> <span class='ocrx_word' id='word_1_96' title='bbox 1028 1293 1103 1336; x_wconf 89' lang='lat' dir='ltr'>sem-</span> 
     </span>
     <span class='ocr_line' id='line_1_14' title="bbox 5 1363 1103 1444; baseline 0.002 -22"><span class='ocrx_word' id='word_1_97' title='bbox 5 1377 6 1400; x_wconf 38' lang='lat'><em>}</em></span> <span class='ocrx_word' id='word_1_98' title='bbox 91 1380 145 1441; x_wconf 86' lang='lat' dir='ltr'>per</span> <span class='ocrx_word' id='word_1_99' title='bbox 174 1380 265 1422; x_wconf 92' lang='lat' dir='ltr'>manu</span> <span class='ocrx_word' id='word_1_100' title='bbox 297 1363 419 1422; x_wconf 90' lang='lat' dir='ltr'>sinistra</span> <span class='ocrx_word' id='word_1_101' title='bbox 450 1369 479 1422; x_wconf 89' lang='lat' dir='ltr'>et</span> <span class='ocrx_word' id='word_1_102' title='bbox 512 1364 608 1440; x_wconf 86' lang='lat' dir='ltr'>capite</span> <span class='ocrx_word' id='word_1_103' title='bbox 638 1365 803 1444; x_wconf 83' lang='lat' dir='ltr'>contingat3</span> <span class='ocrx_word' id='word_1_104' title='bbox 836 1381 895 1442; x_wconf 89' lang='lat' dir='ltr'>quo</span> <span class='ocrx_word' id='word_1_105' title='bbox 923 1364 1000 1424; x_wconf 87' lang='lat' dir='ltr'>lacto</span> <span class='ocrx_word' id='word_1_106' title='bbox 1028 1366 1103 1424; x_wconf 88' lang='lat' dir='ltr'>mire</span> 
     </span>
     <span class='ocr_line' id='line_1_15' title="bbox 92 1449 1156 1532; baseline -0.001 -22"><span class='ocrx_word' id='word_1_107' title='bbox 92 1450 128 1510; x_wconf 90' lang='lat' dir='ltr'>ad</span> <span class='ocrx_word' id='word_1_108' title='bbox 157 1452 311 1511; x_wconf 89' lang='lat' dir='ltr'>sanitatem</span> <span class='ocrx_word' id='word_1_109' title='bbox 339 1450 483 1530; x_wconf 85' lang='lat' dir='ltr'>proficiet.</span> <span class='ocrx_word' id='word_1_110' title='bbox 528 1449 656 1512; x_wconf 87' lang='lat' dir='ltr'>Herbam</span> <span class='ocrx_word' id='word_1_111' title='bbox 680 1451 864 1512; x_wconf 86' lang='lat' dir='ltr'>urceolarem</span> <span class='ocrx_word' id='word_1_112' title='bbox 892 1454 923 1512; x_wconf 95' lang='lat' dir='ltr'>in</span> <span class='ocrx_word' id='word_1_113' title='bbox 952 1471 1027 1532; x_wconf 92' lang='lat' dir='ltr'>aqua</span> <span class='ocrx_word' id='word_1_114' title='bbox 1055 1453 1104 1513; x_wconf 90' lang='lat' dir='ltr'>de·</span> <span class='ocrx_word' id='word_1_115' title='bbox 1122 1461 1156 1510; x_wconf 83' lang='lat'>51</span> 
     </span>
     <span class='ocr_line' id='line_1_16' title="bbox 50 1538 1104 1620; baseline 0.002 -22"><span class='ocrx_word' id='word_1_116' title='bbox 50 1551 77 1592; x_wconf 78' lang='lat'>1⁵</span> <span class='ocrx_word' id='word_1_117' title='bbox 92 1545 207 1599; x_wconf 90' lang='lat' dir='ltr'>coctam</span> <span class='ocrx_word' id='word_1_118' title='bbox 234 1538 270 1599; x_wconf 92' lang='lat' dir='ltr'>da</span> <span class='ocrx_word' id='word_1_119' title='bbox 297 1538 411 1600; x_wconf 88' lang='lat' dir='ltr'>lienoso</span> <span class='ocrx_word' id='word_1_120' title='bbox 439 1557 507 1600; x_wconf 87' lang='lat' dir='ltr'>oum</span> <span class='ocrx_word' id='word_1_121' title='bbox 536 1538 601 1599; x_wconf 89' lang='lat' dir='ltr'>oleo</span> <span class='ocrx_word' id='word_1_122' title='bbox 625 1547 655 1600; x_wconf 90' lang='lat' dir='ltr'>et</span> <span class='ocrx_word' id='word_1_123' title='bbox 678 1539 838 1619; x_wconf 90' lang='lat' dir='ltr'>liquamine</span> <span class='ocrx_word' id='word_1_124' title='bbox 862 1540 1104 1620; x_wconf 89' lang='lat' dir='ltr'>manducandam,</span> 
     </span>
     <span class='ocr_line' id='line_1_17' title="bbox 90 1625 356 1689; baseline 0.004 -2"><span class='ocrx_word' id='word_1_125' title='bbox 90 1629 166 1687; x_wconf 91' lang='lat' dir='ltr'>mire</span> <span class='ocrx_word' id='word_1_126' title='bbox 190 1625 356 1689; x_wconf 89' lang='lat' dir='ltr'>subvenies.</span> 
     </span>
    </p>

    <p class='ocr_par' dir='ltr' id='par_1_8' title="bbox 91 1713 1153 1972">
     <span class='ocr_line' id='line_1_18' title="bbox 180 1713 1153 1796; baseline -0.002 -20"><span class='ocrx_word' id='word_1_127' title='bbox 180 1714 386 1796; x_wconf 79' lang='lat' dir='ltr'>sisymbrium,</span> <span class='ocrx_word' id='word_1_128' title='bbox 404 1714 595 1794; x_wconf 91' lang='lat' dir='ltr'>absinthium,</span> <span class='ocrx_word' id='word_1_129' title='bbox 618 1722 765 1796; x_wconf 90' lang='lat' dir='ltr'>nepetam,</span> <span class='ocrx_word' id='word_1_130' title='bbox 783 1713 968 1776; x_wconf 84' lang='lat' dir='ltr'>marrubium</span> <span class='ocrx_word' id='word_1_131' title='bbox 987 1715 1104 1794; x_wconf 91' lang='lat' dir='ltr'>aequali</span> <span class='ocrx_word' id='word_1_132' title='bbox 1122 1724 1153 1774; x_wconf 75' lang='lat' dir='ltr'>oa</span> 
     </span>
     <span class='ocr_line' id='line_1_19' title="bbox 91 1803 1103 1884; baseline 0 -20"><span class='ocrx_word' id='word_1_133' title='bbox 91 1821 231 1865; x_wconf 86' lang='lat' dir='ltr'>mensura</span> <span class='ocrx_word' id='word_1_134' title='bbox 259 1813 342 1865; x_wconf 89' lang='lat' dir='ltr'>aceto</span> <span class='ocrx_word' id='word_1_135' title='bbox 369 1810 516 1864; x_wconf 86' lang='lat' dir='ltr'>macerata</span> <span class='ocrx_word' id='word_1_136' title='bbox 544 1805 633 1863; x_wconf 89' lang='lat' dir='ltr'>terito</span> <span class='ocrx_word' id='word_1_137' title='bbox 661 1810 692 1863; x_wconf 90' lang='lat' dir='ltr'>ct</span> <span class='ocrx_word' id='word_1_138' title='bbox 714 1803 800 1863; x_wconf 88' lang='lat' dir='ltr'>melle</span> <span class='ocrx_word' id='word_1_139' title='bbox 824 1804 927 1884; x_wconf 84' lang='lat' dir='ltr'>mixta,</span> <span class='ocrx_word' id='word_1_140' title='bbox 958 1803 1010 1864; x_wconf 86' lang='lat' dir='ltr'>sed</span> <span class='ocrx_word' id='word_1_141' title='bbox 1035 1821 1103 1864; x_wconf 90' lang='lat' dir='ltr'>oum</span> 
     </span>
     <span class='ocr_line' id='line_1_20' title="bbox 91 1891 1103 1972; baseline 0 -20"><span class='ocrx_word' id='word_1_142' title='bbox 91 1893 211 1972; x_wconf 88' lang='lat' dir='ltr'>polenta</span> <span class='ocrx_word' id='word_1_143' title='bbox 238 1892 344 1952; x_wconf 92' lang='lat' dir='ltr'>hordei</span> <span class='ocrx_word' id='word_1_144' title='bbox 370 1891 486 1952; x_wconf 92' lang='lat' dir='ltr'>modica</span> <span class='ocrx_word' id='word_1_145' title='bbox 513 1893 623 1970; x_wconf 90' lang='lat' dir='ltr'>inpone</span> <span class='ocrx_word' id='word_1_146' title='bbox 650 1891 722 1952; x_wconf 90' lang='lat' dir='ltr'>lieni</span> <span class='ocrx_word' id='word_1_147' title='bbox 748 1891 900 1970; x_wconf 90' lang='lat' dir='ltr'>emplastri</span> <span class='ocrx_word' id='word_1_148' title='bbox 921 1891 1024 1971; x_wconf 89' lang='lat' dir='ltr'>modo,</span> <span class='ocrx_word' id='word_1_149' title='bbox 1052 1910 1103 1971; x_wconf 88' lang='lat' dir='ltr'>po·</span> 
     </span>
    </p>

    <p class='ocr_par' dir='ltr' id='par_1_9' title="bbox 6 1979 1158 2591">
     <span class='ocr_line' id='line_1_21' title="bbox 51 1979 1155 2059; baseline -0.001 -19"><span class='ocrx_word' id='word_1_150' title='bbox 51 1989 190 2042; x_wconf 76' lang='lat' dir='ltr'>nocenter</span> <span class='ocrx_word' id='word_1_151' title='bbox 214 1980 380 2042; x_wconf 88' lang='lat' dir='ltr'>medebere.</span> <span class='ocrx_word' id='word_1_152' title='bbox 422 1979 555 2040; x_wconf 86' lang='lat' dir='ltr'>Hederae</span> <span class='ocrx_word' id='word_1_153' title='bbox 584 1979 652 2040; x_wconf 87' lang='lat' dir='ltr'>folia</span> <span class='ocrx_word' id='word_1_154' title='bbox 679 1988 781 2040; x_wconf 89' lang='lat' dir='ltr'>tenera</span> <span class='ocrx_word' id='word_1_155' title='bbox 806 1979 915 2041; x_wconf 88' lang='lat' dir='ltr'>tundes</span> <span class='ocrx_word' id='word_1_156' title='bbox 938 1999 1103 2059; x_wconf 87' lang='lat' dir='ltr'>sucumque</span> <span class='ocrx_word' id='word_1_157' title='bbox 1122 1990 1155 2040; x_wconf 84' lang='lat'>53</span> 
     </span>
     <span class='ocr_line' id='line_1_22' title="bbox 93 2067 1104 2147; baseline 0 -18"><span class='ocrx_word' id='word_1_158' title='bbox 93 2071 157 2131; x_wconf 91' lang='lat' dir='ltr'>cius</span> <span class='ocrx_word' id='word_1_159' title='bbox 186 2087 255 2130; x_wconf 92' lang='lat' dir='ltr'>cum</span> <span class='ocrx_word' id='word_1_160' title='bbox 283 2071 351 2130; x_wconf 85' lang='lat' dir='ltr'>rino</span> <span class='ocrx_word' id='word_1_161' title='bbox 380 2077 499 2130; x_wconf 90' lang='lat' dir='ltr'>austero</span> <span class='ocrx_word' id='word_1_162' title='bbox 528 2067 641 2129; x_wconf 93' lang='lat' dir='ltr'>lienoso</span> <span class='ocrx_word' id='word_1_163' title='bbox 664 2070 764 2130; x_wconf 90' lang='lat' dir='ltr'>ieiuno</span> <span class='ocrx_word' id='word_1_164' title='bbox 787 2087 841 2147; x_wconf 94' lang='lat' dir='ltr'>per</span> <span class='ocrx_word' id='word_1_165' title='bbox 863 2069 997 2129; x_wconf 91' lang='lat' dir='ltr'>triduum</span> <span class='ocrx_word' id='word_1_166' title='bbox 1019 2071 1104 2147; x_wconf 91' lang='lat' dir='ltr'>potui</span> 
     </span>
     <span class='ocr_line' id='line_1_23' title="bbox 6 2157 1158 2236; baseline -0.001 -18"><span class='ocrx_word' id='word_1_167' title='bbox 6 2199 7 2218; x_wconf 46' lang='lat' dir='ltr'>t</span> <span class='ocrx_word' id='word_1_168' title='bbox 93 2157 184 2219; x_wconf 89' lang='lat' dir='ltr'>dabis.</span> <span class='ocrx_word' id='word_1_169' title='bbox 225 2157 326 2218; x_wconf 87' lang='lat' dir='ltr'>Filicis</span> <span class='ocrx_word' id='word_1_170' title='bbox 348 2157 479 2218; x_wconf 89' lang='lat' dir='ltr'>radicem</span> <span class='ocrx_word' id='word_1_171' title='bbox 502 2164 620 2218; x_wconf 87' lang='lat' dir='ltr'>tunsam</span> <span class='ocrx_word' id='word_1_172' title='bbox 644 2159 769 2236; x_wconf 93' lang='lat' dir='ltr'>inpones</span> <span class='ocrx_word' id='word_1_173' title='bbox 792 2158 863 2218; x_wconf 86' lang='lat' dir='ltr'>lieni</span> <span class='ocrx_word' id='word_1_174' title='bbox 886 2175 954 2218; x_wconf 91' lang='lat' dir='ltr'>oum</span> <span class='ocrx_word' id='word_1_175' title='bbox 978 2159 1104 2236; x_wconf 80' lang='lat' dir='ltr'>axungia</span> <span class='ocrx_word' id='word_1_176' title='bbox 1123 2169 1158 2218; x_wconf 85' lang='lat'>54</span> 
     </span>
     <span class='ocr_line' id='line_1_24' title="bbox 6 2245 1103 2350; baseline 0.001 -44"><span class='ocrx_word' id='word_1_177' title='bbox 6 2275 8 2350; x_wconf 60' lang='lat' dir='ltr'>p</span> <span class='ocrx_word' id='word_1_178' title='bbox 92 2253 192 2306; x_wconf 88' lang='lat' dir='ltr'>vetere</span> <span class='ocrx_word' id='word_1_179' title='bbox 216 2264 340 2325; x_wconf 89' lang='lat' dir='ltr'>eamque</span> <span class='ocrx_word' id='word_1_180' title='bbox 363 2246 493 2306; x_wconf 90' lang='lat' dir='ltr'>radicem</span> <span class='ocrx_word' id='word_1_181' title='bbox 516 2245 687 2306; x_wconf 89' lang='lat' dir='ltr'>mundatam</span> <span class='ocrx_word' id='word_1_182' title='bbox 711 2265 747 2306; x_wconf 84' lang='lat' dir='ltr'>ex</span> <span class='ocrx_word' id='word_1_183' title='bbox 770 2265 846 2325; x_wconf 87' lang='lat' dir='ltr'>aqua</span> <span class='ocrx_word' id='word_1_184' title='bbox 869 2246 905 2306; x_wconf 90' lang='lat' dir='ltr'>ad</span> <span class='ocrx_word' id='word_1_185' title='bbox 929 2247 1033 2306; x_wconf 87' lang='lat' dir='ltr'>tertias</span> <span class='ocrx_word' id='word_1_186' title='bbox 1054 2246 1103 2308; x_wconf 88' lang='lat' dir='ltr'>dc-</span> 
     </span>
     <span class='ocr_line' id='line_1_25' title="bbox 6 2334 1106 2414; baseline 0 -18"><span class='ocrx_word' id='word_1_187' title='bbox 6 2357 7 2396; x_wconf 72' lang='lat' dir='ltr'>t</span> <span class='ocrx_word' id='word_1_188' title='bbox 93 2352 206 2413; x_wconf 84' lang='lat' dir='ltr'>coquas</span> <span class='ocrx_word' id='word_1_189' title='bbox 238 2337 292 2414; x_wconf 90' lang='lat' dir='ltr'>ita,</span> <span class='ocrx_word' id='word_1_190' title='bbox 325 2341 360 2394; x_wconf 91' lang='lat' dir='ltr'>ut</span> <span class='ocrx_word' id='word_1_191' title='bbox 393 2334 471 2412; x_wconf 90' lang='lat' dir='ltr'>quod</span> <span class='ocrx_word' id='word_1_192' title='bbox 502 2334 538 2394; x_wconf 92' lang='lat' dir='ltr'>de</span> <span class='ocrx_word' id='word_1_193' title='bbox 572 2337 701 2394; x_wconf 85' lang='lat' dir='ltr'>sextario</span> <span class='ocrx_word' id='word_1_194' title='bbox 733 2335 890 2396; x_wconf 88' lang='lat' dir='ltr'>decoctum</span> <span class='ocrx_word' id='word_1_195' title='bbox 923 2335 1106 2413; x_wconf 86' lang='lat' dir='ltr'>superfuerit</span> 
     </span>
     <span class='ocr_line' id='line_1_26' title="bbox 6 2417 1103 2532; baseline 0.006 -55"><span class='ocrx_word' id='word_1_196' title='bbox 6 2417 8 2532; x_wconf 54' lang='lat' dir='ltr'>p</span> <span class='ocrx_word' id='word_1_197' title='bbox 52 2435 80 2477; x_wconf 79' lang='lat' dir='ltr'>ns</span> <span class='ocrx_word' id='word_1_198' title='bbox 93 2441 148 2503; x_wconf 91' lang='lat' dir='ltr'>per</span> <span class='ocrx_word' id='word_1_199' title='bbox 170 2423 303 2484; x_wconf 90' lang='lat' dir='ltr'>triduum</span> <span class='ocrx_word' id='word_1_200' title='bbox 327 2440 395 2483; x_wconf 91' lang='lat' dir='ltr'>cum</span> <span class='ocrx_word' id='word_1_201' title='bbox 416 2422 542 2501; x_wconf 81' lang='lat' dir='ltr'>oxymeli</span> <span class='ocrx_word' id='word_1_202' title='bbox 561 2430 613 2483; x_wconf 89' lang='lat' dir='ltr'>aut</span> <span class='ocrx_word' id='word_1_203' title='bbox 630 2441 713 2483; x_wconf 89' lang='lat' dir='ltr'>mero</span> <span class='ocrx_word' id='word_1_204' title='bbox 733 2431 853 2484; x_wconf 88' lang='lat' dir='ltr'>austero</span> <span class='ocrx_word' id='word_1_205' title='bbox 871 2425 972 2484; x_wconf 89' lang='lat' dir='ltr'>ieiuno</span> <span class='ocrx_word' id='word_1_206' title='bbox 990 2423 1103 2484; x_wconf 90' lang='lat' dir='ltr'>lienoso</span> 
     </span>
     <span class='ocr_line' id='line_1_27' title="bbox 91 2510 939 2591; baseline 0.001 -19"><span class='ocrx_word' id='word_1_207' title='bbox 91 2513 176 2590; x_wconf 92' lang='lat' dir='ltr'>potui</span> <span class='ocrx_word' id='word_1_208' title='bbox 199 2510 300 2591; x_wconf 75' lang='lat' dir='ltr'>detur,</span> <span class='ocrx_word' id='word_1_209' title='bbox 324 2529 473 2572; x_wconf 92' lang='lat' dir='ltr'>summum</span> <span class='ocrx_word' id='word_1_210' title='bbox 495 2512 661 2573; x_wconf 87' lang='lat' dir='ltr'>remedium</span> <span class='ocrx_word' id='word_1_211' title='bbox 684 2513 743 2572; x_wconf 90' lang='lat' dir='ltr'>cito</span> <span class='ocrx_word' id='word_1_212' title='bbox 766 2513 939 2590; x_wconf 84' lang='lat' dir='ltr'>experieris.</span> 
     </span>
    </p>

    <p class='ocr_par' dir='ltr' id='par_1_10' title="bbox 91 2598 1155 2858">
     <span class='ocr_line' id='line_1_28' title="bbox 180 2598 1155 2679; baseline 0.002 -19"><span class='ocrx_word' id='word_1_213' title='bbox 180 2598 225 2660; x_wconf 82' lang='lat' dir='ltr'>dd</span> <span class='ocrx_word' id='word_1_214' title='bbox 253 2600 364 2679; x_wconf 88' lang='lat' dir='ltr'>splenis</span> <span class='ocrx_word' id='word_1_215' title='bbox 392 2599 524 2660; x_wconf 92' lang='lat' dir='ltr'>dolorem</span> <span class='ocrx_word' id='word_1_216' title='bbox 552 2600 718 2660; x_wconf 88' lang='lat' dir='ltr'>remedium</span> <span class='ocrx_word' id='word_1_217' title='bbox 746 2603 899 2679; x_wconf 88' lang='lat' dir='ltr'>egregium</span> <span class='ocrx_word' id='word_1_218' title='bbox 922 2602 980 2662; x_wconf 88' lang='lat' dir='ltr'>sic:</span> <span class='ocrx_word' id='word_1_219' title='bbox 1012 2599 1102 2671; x_wconf 86' lang='lat' dir='ltr'>Quin·</span> <span class='ocrx_word' id='word_1_220' title='bbox 1122 2612 1155 2662; x_wconf 79' lang='lat' dir='ltr'>do</span> 
     </span>
     <span class='ocr_line' id='line_1_29' title="bbox 92 2687 1103 2769; baseline 0 -20"><span class='ocrx_word' id='word_1_221' title='bbox 92 2707 150 2766; x_wconf 91' lang='lat' dir='ltr'>que</span> <span class='ocrx_word' id='word_1_222' title='bbox 170 2690 266 2767; x_wconf 91' lang='lat' dir='ltr'>capita</span> <span class='ocrx_word' id='word_1_223' title='bbox 285 2687 342 2748; x_wconf 90' lang='lat' dir='ltr'>alei</span> <span class='ocrx_word' id='word_1_224' title='bbox 359 2687 517 2767; x_wconf 82' lang='lat' dir='ltr'>diligenter</span> <span class='ocrx_word' id='word_1_225' title='bbox 535 2689 566 2748; x_wconf 91' lang='lat' dir='ltr'>in</span> <span class='ocrx_word' id='word_1_226' title='bbox 588 2706 678 2767; x_wconf 90' lang='lat' dir='ltr'>grana</span> <span class='ocrx_word' id='word_1_227' title='bbox 696 2691 816 2768; x_wconf 89' lang='lat' dir='ltr'>purgati</span> <span class='ocrx_word' id='word_1_228' title='bbox 833 2708 888 2769; x_wconf 92' lang='lat' dir='ltr'>per</span> <span class='ocrx_word' id='word_1_229' title='bbox 905 2689 969 2750; x_wconf 88' lang='lat' dir='ltr'>dies</span> <span class='ocrx_word' id='word_1_230' title='bbox 988 2697 1103 2767; x_wconf 89' lang='lat' dir='ltr'>septem</span> 
     </span>
     <span class='ocr_line' id='line_1_30' title="bbox 91 2775 1104 2858; baseline 0 -22"><span class='ocrx_word' id='word_1_231' title='bbox 91 2776 206 2837; x_wconf 87' lang='lat' dir='ltr'>lienoso</span> <span class='ocrx_word' id='word_1_232' title='bbox 228 2777 432 2838; x_wconf 90' lang='lat' dir='ltr'>manducanda</span> <span class='ocrx_word' id='word_1_233' title='bbox 455 2776 552 2858; x_wconf 91' lang='lat' dir='ltr'>dabis,</span> <span class='ocrx_word' id='word_1_234' title='bbox 578 2779 620 2838; x_wconf 89' lang='lat' dir='ltr'>ita</span> <span class='ocrx_word' id='word_1_235' title='bbox 647 2785 681 2838; x_wconf 92' lang='lat' dir='ltr'>ut</span> <span class='ocrx_word' id='word_1_236' title='bbox 703 2781 800 2856; x_wconf 92' lang='lat' dir='ltr'>primo</span> <span class='ocrx_word' id='word_1_237' title='bbox 824 2779 871 2839; x_wconf 89' lang='lat' dir='ltr'>die</span> <span class='ocrx_word' id='word_1_238' title='bbox 895 2796 985 2857; x_wconf 90' lang='lat' dir='ltr'>grana</span> <span class='ocrx_word' id='word_1_239' title='bbox 1008 2775 1104 2837; x_wconf 94' lang='lat' dir='ltr'>XXXl</span> 
     </span>
    </p>

    <p class='ocr_par' dir='ltr' id='par_1_11' title="bbox 6 2857 1103 3212">
     <span class='ocr_line' id='line_1_31' title="bbox 50 2865 1103 2948; baseline -0.001 -23.04"><span class='ocrx_word' id='word_1_240' title='bbox 50 2865 228 2926; x_wconf 65' lang='lat' dir='ltr'>accomodat</span> <span class='ocrx_word' id='word_1_241' title='bbox 255 2867 386 2948; x_wconf 73' lang='lat' dir='ltr'>ieiunum,</span> <span class='ocrx_word' id='word_1_242' title='bbox 414 2865 545 2927; x_wconf 89' lang='lat' dir='ltr'>secundo</span> <span class='ocrx_word' id='word_1_243' title='bbox 573 2866 620 2926; x_wconf 94' lang='lat' dir='ltr'>die</span> <span class='ocrx_word' id='word_1_244' title='bbox 648 2884 739 2945; x_wconf 91' lang='lat' dir='ltr'>grana</span> <span class='ocrx_word' id='word_1_245' title='bbox 762 2865 849 2948; x_wconf 87' lang='lat' dir='ltr'>XXV,</span> <span class='ocrx_word' id='word_1_246' title='bbox 876 2869 966 2927; x_wconf 88' lang='lat' dir='ltr'>tertio</span> <span class='ocrx_word' id='word_1_247' title='bbox 988 2865 1103 2947; x_wconf 91' lang='lat' dir='ltr'>XVllll,</span> 
     </span>
     <span class='ocr_line' id='line_1_32' title="bbox 6 2951 1103 3037; baseline 0 -23"><span class='ocrx_word' id='word_1_248' title='bbox 6 2967 8 3024; x_wconf 72' lang='lat' dir='ltr'>l</span> <span class='ocrx_word' id='word_1_249' title='bbox 92 2961 198 3033; x_wconf 90' lang='lat' dir='ltr'>quarto</span> <span class='ocrx_word' id='word_1_250' title='bbox 226 2951 286 3034; x_wconf 88' lang='lat' dir='ltr'>XV,</span> <span class='ocrx_word' id='word_1_251' title='bbox 317 2957 420 3033; x_wconf 91' lang='lat' dir='ltr'>quinto</span> <span class='ocrx_word' id='word_1_252' title='bbox 453 2953 507 3033; x_wconf 95' lang='lat' dir='ltr'>Xl,</span> <span class='ocrx_word' id='word_1_253' title='bbox 538 2963 620 3015; x_wconf 84' lang='lat' dir='ltr'>sexto</span> <span class='ocrx_word' id='word_1_254' title='bbox 648 2954 739 3037; x_wconf 91' lang='lat' dir='ltr'>Vllll,</span> <span class='ocrx_word' id='word_1_255' title='bbox 772 2958 897 3035; x_wconf 92' lang='lat' dir='ltr'>septimo</span> <span class='ocrx_word' id='word_1_256' title='bbox 925 2953 987 3036; x_wconf 71' lang='lat' dir='ltr'>vii,</span> <span class='ocrx_word' id='word_1_257' title='bbox 1021 2953 1103 3015; x_wconf 89' lang='lat' dir='ltr'>bibat</span> 
     </span>
     <span class='ocr_line' id='line_1_33' title="bbox 6 3031 1102 3124; baseline 0.001 -21"><span class='ocrx_word' id='word_1_258' title='bbox 6 3031 7 3122; x_wconf 67' lang='lat' dir='ltr'>l</span> <span class='ocrx_word' id='word_1_259' title='bbox 90 3051 190 3104; x_wconf 88' lang='lat' dir='ltr'>autem</span> <span class='ocrx_word' id='word_1_260' title='bbox 214 3042 367 3104; x_wconf 88' lang='lat' dir='ltr'>conditum</span> <span class='ocrx_word' id='word_1_261' title='bbox 390 3044 462 3103; x_wconf 89' lang='lat' dir='ltr'>satis</span> <span class='ocrx_word' id='word_1_262' title='bbox 485 3043 666 3124; x_wconf 72' lang='lat' dir='ltr'>piperatum,</span> <span class='ocrx_word' id='word_1_263' title='bbox 694 3063 752 3123; x_wconf 89' lang='lat' dir='ltr'>quo</span> <span class='ocrx_word' id='word_1_264' title='bbox 782 3044 859 3105; x_wconf 87' lang='lat' dir='ltr'>lacto</span> <span class='ocrx_word' id='word_1_265' title='bbox 883 3061 969 3104; x_wconf 93' lang='lat' dir='ltr'>omne</span> <span class='ocrx_word' id='word_1_266' title='bbox 993 3043 1102 3104; x_wconf 92' lang='lat' dir='ltr'>malum</span> 
     </span>
     <span class='ocr_line' id='line_1_34' title="bbox 6 3125 1102 3212; baseline -0.001 -21"><span class='ocrx_word' id='word_1_267' title='bbox 6 3125 7 3130; x_wconf 66' lang='grc'>’</span> <span class='ocrx_word' id='word_1_268' title='bbox 89 3149 145 3210; x_wconf 90' lang='lat' dir='ltr'>per</span> <span class='ocrx_word' id='word_1_269' title='bbox 173 3137 308 3192; x_wconf 87' lang='lat' dir='ltr'>ventrem</span> <span class='ocrx_word' id='word_1_270' title='bbox 336 3131 464 3211; x_wconf 81' lang='lat' dir='ltr'>digeret3</span> <span class='ocrx_word' id='word_1_271' title='bbox 493 3131 544 3191; x_wconf 81' lang='lat' dir='ltr'>scd</span> <span class='ocrx_word' id='word_1_272' title='bbox 573 3139 603 3192; x_wconf 90' lang='lat' dir='ltr'>et</span> <span class='ocrx_word' id='word_1_273' title='bbox 629 3150 736 3212; x_wconf 90' lang='lat' dir='ltr'>porros</span> <span class='ocrx_word' id='word_1_274' title='bbox 764 3132 899 3194; x_wconf 86' lang='lat' dir='ltr'>comodat</span> <span class='ocrx_word' id='word_1_275' title='bbox 926 3138 994 3192; x_wconf 92' lang='lat' dir='ltr'>ante</span> <span class='ocrx_word' id='word_1_276' title='bbox 1024 3131 1102 3191; x_wconf 91' lang='lat' dir='ltr'>diem</span> 
     </span>
    </p>
   </div>
   <div class='ocr_carea' id='block_1_3' title="bbox 88 3283 1102 3566">
    <p class='ocr_par' dir='ltr' id='par_1_12' title="bbox 88 3283 1102 3566">
     <span class='ocr_line' id='line_1_35' title="bbox 182 3283 1102 3356; baseline -0.001 -20"><span class='ocrx_word' id='word_1_277' title='bbox 182 3289 196 3336; x_wconf 93' lang='lat'>1</span> <span class='ocrx_word' id='word_1_278' title='bbox 215 3284 244 3338; x_wconf 90' lang='lat' dir='ltr'>id</span> <span class='ocrx_word' id='word_1_279' title='bbox 265 3285 308 3338; x_wconf 80' lang='lat' dir='ltr'>est</span> <span class='ocrx_word' id='word_1_280' title='bbox 327 3283 450 3356; x_wconf 83' lang='lat' dir='ltr'>capsella</span> <span class='ocrx_word' id='word_1_281' title='bbox 468 3299 518 3339; x_wconf 82' lang='lat' dir='ltr'>mn.</span> <span class='ocrx_word' id='word_1_282' title='bbox 538 3283 630 3352; x_wconf 55' lang='lat' dir='ltr'>Plan,</span> <span class='ocrx_word' id='word_1_283' title='bbox 651 3285 765 3339; x_wconf 74' lang='lat' dir='ltr'>delenda</span> <span class='ocrx_word' id='word_1_284' title='bbox 785 3285 850 3338; x_wconf 86' lang='lat' dir='ltr'>baec</span> <span class='ocrx_word' id='word_1_285' title='bbox 867 3284 949 3338; x_wconf 81' lang='lat' dir='ltr'>verbo</span> <span class='ocrx_word' id='word_1_286' title='bbox 966 3283 1102 3338; x_wconf 74' lang='lat' dir='ltr'>sidentur.</span> 
     </span>
     <span class='ocr_line' id='line_1_36' title="bbox 91 3352 1102 3426; baseline -0.001 -17"><span class='ocrx_word' id='word_1_287' title='bbox 91 3357 108 3408; x_wconf 78' lang='grc' dir='ltr'>ὅ</span> <span class='ocrx_word' id='word_1_288' title='bbox 128 3359 191 3410; x_wconf 79' lang='lat' dir='ltr'>oute</span> <span class='ocrx_word' id='word_1_289' title='bbox 208 3354 291 3410; x_wconf 78' lang='lat' dir='ltr'>benis</span> <span class='ocrx_word' id='word_1_290' title='bbox 310 3356 374 3411; x_wconf 80' lang='lat' dir='ltr'>odd.</span> <span class='ocrx_word' id='word_1_291' title='bbox 393 3372 418 3410; x_wconf 85' lang='lat' dir='ltr'>a.</span> <span class='ocrx_word' id='word_1_292' title='bbox 492 3360 524 3409; x_wconf 92' lang='lat'>11</span> <span class='ocrx_word' id='word_1_293' title='bbox 543 3354 573 3408; x_wconf 90' lang='lat' dir='ltr'>in</span> <span class='ocrx_word' id='word_1_294' title='bbox 592 3354 678 3426; x_wconf 88' lang='lat' dir='ltr'>ostio]</span> <span class='ocrx_word' id='word_1_295' title='bbox 697 3354 727 3408; x_wconf 89' lang='lat' dir='ltr'>in</span> <span class='ocrx_word' id='word_1_296' title='bbox 746 3354 803 3408; x_wconf 86' lang='lat' dir='ltr'>olla</span> <span class='ocrx_word' id='word_1_297' title='bbox 820 3353 899 3409; x_wconf 70' lang='lat' dir='ltr'>Ptin.</span> <span class='ocrx_word' id='word_1_298' title='bbox 970 3352 1102 3408; x_wconf 75' lang='lat' dir='ltr'>nubilum.</span> 
     </span>
     <span class='ocr_line' id='line_1_37' title="bbox 92 3423 1102 3494; baseline -0.001 -16"><span class='ocrx_word' id='word_1_299' title='bbox 92 3430 127 3479; x_wconf 82' lang='lat'>14</span> <span class='ocrx_word' id='word_1_300' title='bbox 146 3441 255 3494; x_wconf 83' lang='lat' dir='ltr'>aquam.</span> <span class='ocrx_word' id='word_1_301' title='bbox 361 3430 394 3480; x_wconf 78' lang='lat'>1⁷</span> <span class='ocrx_word' id='word_1_302' title='bbox 414 3423 594 3480; x_wconf 86' lang='lat' dir='ltr'>sisimbrium.</span> <span class='ocrx_word' id='word_1_303' title='bbox 699 3431 733 3481; x_wconf 77' lang='lat'>26</span> <span class='ocrx_word' id='word_1_304' title='bbox 753 3423 902 3494; x_wconf 86' lang='lat' dir='ltr'>experieris</span> <span class='ocrx_word' id='word_1_305' title='bbox 920 3425 1032 3494; x_wconf 76' lang='lat' dir='ltr'>scripsi:</span> <span class='ocrx_word' id='word_1_306' title='bbox 1056 3438 1102 3478; x_wconf 87' lang='lat' dir='ltr'>ex·</span> 
     </span>
     <span class='ocr_line' id='line_1_38' title="bbox 88 3496 450 3566; baseline 0.003 -16"><span class='ocrx_word' id='word_1_307' title='bbox 88 3496 215 3565; x_wconf 84' lang='lat' dir='ltr'>perierit.</span> <span class='ocrx_word' id='word_1_308' title='bbox 287 3502 321 3551; x_wconf 82' lang='lat'>33</span> <span class='ocrx_word' id='word_1_309' title='bbox 339 3497 450 3566; x_wconf 84' lang='lat' dir='ltr'>digerit.</span> 
     </span>
    </p>
   </div>
   <div class='ocr_carea' id='block_1_4' title="bbox 0 0 1274 3802">
    <p class='ocr_par' dir='ltr' id='par_1_13' title="bbox 0 0 1274 3802">
     <span class='ocr_line' id='line_1_39' title="bbox 0 0 1274 3802; baseline 0 1"><span class='ocrx_word' id='word_1_310' title='bbox 0 0 1274 3802; x_wconf 95' lang='lat' dir='ltr'> </span> 
     </span>
    </p>
   </div>
  </div>
 </body>
</html>
