2528 3814
507 187 547 196 —
594 150 659 215 283
707 187 748 195 --

118 320 184 374 tere
221 319 251 372 ct
287 310 467 392 dysinterico
504 330 559 390 per
593 314 698 373 uncias
731 312 861 391 singulas
894 313 999 376 dicbus
1033 315 1132 392 singu-

118 401 156 462 lis
180 400 273 462 dabis.

208 488 356 551 Coliculos
384 505 420 549 ex
448 497 531 552 aceto
559 497 674 571 555155,
702 489 751 550 alii
777 491 875 569 spicas
899 497 1040 570 quattuor
1062 508 1132 569 pur·
1152 499 1186 550 53

116 587 213 661 gatas,
241 597 295 638 ova
322 580 438 640 incocta
465 579 524 640 duo
557 579 646 640 simul
674 585 795 640 contere
825 588 855 640 et
882 579 965 640 adice
994 581 1054 639 vini
1083 597 1131 639 ve-

89 671 192 730 cteris
220 667 370 727 heminam
398 678 428 728 et
454 669 647 729 fervefactum
674 668 859 728 medicamen
886 668 1067 748 dysinterico
1095 667 1133 727 da

118 756 289 818 bibendum.

208 845 312 906 Ficum
340 843 489 923 duplicem
517 853 547 906 et
574 845 700 924 palmam
728 846 953 924 pinguissimam
980 845 1186 905 5555115154

118 936 229 995 veteris
252 933 371 994 hemina
395 933 431 993 ad
454 936 557 994 tertias
581 934 714 1012 decoque
738 943 768 996 et
790 935 903 1012 piperis
926 932 985 993 albi
1008 935 1072 993 triti
1090 934 1131 992 vi-

118 1025 194 1103 ginti
221 1039 312 1101 grana
340 1021 470 1082 admisce
502 1029 533 1082 et
559 1022 692 1101 tepidum
725 1023 906 1102 dysinterico
938 1023 1023 1101 potui
1055 1021 1132 1081 dato.

6 1155 7 1158 ,
77 1111 239 1172 orestem
268 1113 315 1172 ovi
345 1109 499 1170 delicatam
527 1113 700 1171 interiorem
728 1113 868 1172 siccatam
895 1118 1030 1190 contere,
1062 1111 1184 1170 vinoso

6 1211 7 1216 ’
118 1202 212 1261 misce
236 1207 266 1260 ct
289 1197 353 1259 cola
376 1207 407 1258 et
429 1217 465 1258 cx
489 1217 563 1278 aqna
587 1198 680 1260 calida
704 1199 885 1279 dysinterico
909 1199 945 1259 da
964 1199 1131 1259 bibendam.

117 1288 177 1349 Lac
200 1305 365 1366 caprunum
385 1287 511 1369 servem,
534 1287 649 1348 adiecto
672 1287 809 1366 polentae
831 1295 973 1366 quantum
993 1289 1065 1347 satis
1084 1289 1131 1367 sit,
1150 1299 1185 1350 56

118 1395 187 1438 cum
206 1377 297 1437 luerit
310 1377 396 1454 quasi
412 1378 512 1436 tennis
525 1375 678 1456 pulticula,
693 1376 776 1437 dabis
791 1378 842 1437 cui
856 1395 946 1456 supra
959 1376 1131 1437 bibendum.

207 1463 369 1544 Goagulum
392 1463 560 1544 leporinum
583 1484 619 1525 ex
643 1467 710 1524 vino
734 1464 862 1525 dilutum
881 1464 1014 1544 tepidum
1034 1465 1131 1542 dysin·
1151 1477 1184 1526 ot

77 1567 105 1609 15
119 1555 214 1616 155155
237 1553 274 1613 da
297 1552 469 1632 bibendum,
492 1553 529 1613 dc
554 1571 612 1631 quo
636 1553 758 1632 coagulo
783 1557 808 1612 si
831 1551 964 1630 singulos
984 1551 1131 1630 scripulos

116 1647 149 1705 in
168 1641 293 1720 singulis
312 1644 375 1702 ovis
395 1641 556 1702 sorbilibus
574 1643 675 1700 ieiuno
694 1640 895 1720 pertriduum
909 1639 1036 1718 dederis,
1055 1640 1130 1698 mire

117 1731 284 1794 subvenies,
320 1730 388 1790 Vini
411 1732 520 1791 veteris
544 1729 641 1790 laeccs
660 1735 691 1789 et
709 1730 849 1789 iocineris
868 1729 983 1806 caprini
1001 1727 1131 1788 frustum
1150 1741 1184 1790 58

117 1821 269 1882 sufficiens
292 1821 324 1879 in
348 1818 434 1878 ollam
458 1817 564 1878 rudem
582 1819 667 1878 mitte
686 1824 717 1878 et
735 1816 832 1896 lacito,
856 1823 890 1876 ut
909 1814 1023 1898 bulliat,
1042 1823 1130 1893 atque

117 1909 187 1970 inde
209 1909 310 1968 ieiuno
334 1907 444 1986 cyliaco
468 1907 653 1967 sufficienter
676 1905 712 1965 da
735 1903 847 1965 bibere.

77 2009 104 2052 so
205 1995 319 2058 Bnlbus
342 1995 499 2056 Africanus
528 1993 714 2055 rubicundus
742 1995 891 2055 contritus
914 1992 1029 2054 adiecto
1053 1994 1130 2072 vino,
1150 2005 1183 2054 55

118 2085 196 2166 quod
220 2085 300 2146 ferro
324 2085 400 2145 duro
422 2084 560 2145 candenti
579 2082 701 2164 calefiat,
724 2083 809 2162 potui
828 2081 914 2142 datus
933 2081 1052 2160 cyliacis
1070 2099 1131 2141 mc·

117 2175 213 2236 detur.
254 2173 431 2236 Palumbum
457 2173 555 2234 lerum
583 2189 624 2232 ex·
646 2189 734 2251 passo
762 2188 916 2250 concoque
944 2177 1033 2248 atquc
1060 2169 1130 2229 inde
1150 2183 1184 2233 60

116 2265 254 2344 potiones
282 2261 413 2340 singulas
441 2261 552 2341 cyliaco
575 2279 630 2340 per
657 2259 791 2320 triduum
819 2259 856 2318 da
888 2257 1041 2320 bibendas.
1085 2258 1131 2318 Ad
1150 2272 1183 2322 51

118 2353 245 2432 cyliacos
277 2351 370 2412 herba
401 2349 539 2428 plantago
571 2357 602 2410 et
631 2349 775 2410 lentiscus
804 2349 963 2426 separatim
992 2365 1028 2408 ex
1055 2365 1131 2427 aqua

76 2447 303 2521 assequuntur,
328 2446 431 2518 postea
453 2441 485 2499 in
507 2455 601 2498 unum
624 2439 845 2515 permiscentur
867 2443 897 2496 et
920 2443 992 2496 tunc
1015 2436 1130 2497 adiecto
1244 2431 1251 2440 '

118 2537 201 2590 aceto
225 2547 294 2589 cum
317 2545 393 2608 panc
415 2529 447 2588 in
471 2525 538 2588 cibo
562 2533 680 2603 sumpta
697 2531 833 2604 prosunt
871 2523 987 2585 Herbae
1006 2527 1130 2586 vettoni·
1150 2538 1184 2588 62

118 2635 170 2678 cae
197 2619 229 2677 in
255 2615 362 2678 umbra
390 2616 535 2676 arefactae
565 2621 672 2674 tunsae
703 2612 909 2692 cribrataeque
936 2613 1034 2693 pulvis
1062 2631 1131 2674 cum

117 2707 185 2766 vino
209 2712 298 2784 potus
321 2704 441 2784 cyliacis
463 2703 626 2783 plurimum
648 2701 779 2782 prodest.

206 2792 275 2852 Mali
302 2795 418 2871 granati
445 2799 548 2853 cortex
576 2793 685 2852 siccata
712 2790 850 2852 tunditur
877 2799 907 2852 et
933 2789 1184 2853 5511151555153

77 2882 214 2962 opulus
243 2898 279 2941 ex
303 2899 338 2941 eo
361 2883 505 2942 miscetur
528 2899 597 2941 5551
620 2897 743 2940 ovorum
768 2878 876 2941 vitellis
899 2879 996 2940 tribus
1020 2878 1131 2958 diuque

118 2974 149 3032 in
168 2987 283 3030 morem
300 2971 386 3048 panis
406 2969 554 3048 subigitur
573 2987 607 3030 ac
627 2969 752 3030 fricatur
772 2975 861 3048 atque
880 2968 949 3028 inde
969 2969 1054 3046 panis
1073 2967 1131 3026 for·

118 3066 215 3121 matus
238 3061 270 3118 in
293 3059 360 3119 foco
379 3059 520 3136 coquitur
538 3065 569 3118 et
587 3059 631 3118 sic
650 3058 854 3118 manducatur.
887 3055 944 3126 Qui
964 3057 991 3114 si.
1008 3062 1132 3133 propter

120 3149 240 3208 nimiam
270 3149 475 3208 austeritatem
503 3146 674 3226 offenderit,
706 3163 775 3205 cum
805 3143 945 3204 lenticula
973 3143 1038 3203 sinc
1067 3141 1131 3202 oleo

119 3244 203 3296 cocta
231 3235 346 3296 adiecto
374 3236 519 3295 acerrimo
550 3241 633 3294 aceto
662 3251 678 3292 a
705 3235 806 3292 ieiuno
834 3231 1007 3291 manducari
1034 3228 1132 3310 debet,

77 3334 105 3378 ³⁵
120 3324 199 3404 quod
218 3342 253 3384 eo
272 3323 340 3403 plus
358 3323 501 3403 proderit,
525 3339 584 3402 quo
604 3322 784 3401 propensius
803 3320 894 3380 luerit
912 3317 1132 3379 manducatum.

211 3518 245 3568 10
258 3511 414 3568 interiores.
461 3511 599 3568 undatur.
650 3513 684 3563 22
700 3523 874 3578 conquoqua.
924 3511 959 3562 32
973 3506 1131 3576 quoquitur.
