2528 3814
540 123 784 187 -334-

102 302 139 350 44
247 287 290 347 Ad
309 286 410 347 ulcera
429 287 535 346 inane
554 285 631 346 lacta
650 284 769 345 chartae
788 283 961 364 conbustae,
985 281 1038 343 sed
1060 281 1182 365 †aena·

156 395 224 437 rum
243 378 308 436 eius
328 371 407 456 drag.
422 373 444 456 l,
463 375 673 453 auripigmenti
687 369 768 453 drag.
782 372 804 452 l,
822 373 937 452 lepidae
956 369 1067 452 dragl
1087 374 1183 434 simrd

157 473 296 526 conteres
320 472 350 525 et
374 463 460 524 melle
484 463 698 542 conprehensis
722 465 817 522 uteris
840 461 993 540 emplastri
1015 462 1120 523 modo.

102 565 137 615 45
245 553 289 614 Ad
304 571 365 634 eos,
380 551 489 632 quibus
503 553 678 612 intestinum
693 550 818 630 inprobe
833 553 990 631 prominet,
1005 551 1182 612 remedium

157 645 213 704 sic:
236 642 325 704 Ebnli
348 660 420 702 suco
444 640 661 720 turpitudinem
685 639 873 722 circumline,
900 641 960 700 cito
984 639 1207 701 remediabis.s

103 745 138 794 44
245 731 418 809 Porrigines
438 732 486 790 ani
505 731 633 808 extirpet
651 727 708 789 tale
722 728 920 789 medicamen:
938 727 1026 809 Picis,
1045 731 1183 810 resinae,

157 838 252 902 cerae,
270 819 380 900 butyri,
399 821 462 880 sevi
476 821 600 899 caprini,
613 819 729 897 argenti
743 820 874 897 spumae,
888 816 1075 895 singulorum
1092 821 1183 896 paria

156 907 288 987 pondera
311 911 430 968 remitte
455 915 485 968 et
508 907 597 968 simul
620 914 811 984 contempera
834 913 923 985 atque
947 907 988 966 ita
1011 905 1116 967 inline.

102 1010 137 1060 47
246 997 289 1058 ad
314 999 478 1077 syringium
501 996 548 1056 vel
571 997 620 1056 ani
642 997 712 1056 vitia
736 994 845 1055 lavabis
864 994 963 1055 locum
982 996 1050 1054 vino
1070 1003 1180 1056 vetere

157 1094 187 1146 et
216 1093 296 1146 teres
324 1094 435 1146 testum
463 1086 555 1145 ostrei
582 1092 612 1144 et
638 1084 741 1144 sordes
764 1085 843 1144 intra
865 1083 1012 1162 pullinum
1035 1091 1179 1144 ventrem
1196 1101 1222 1139 44

157 1181 292 1252 repertas
311 1174 477 1234 contundes
496 1183 526 1233 et
544 1173 674 1234 cocleam
693 1191 814 1232 vacuam
834 1181 864 1233 et
882 1171 1068 1232 cucurbitam
1090 1181 1179 1234 ustu-

156 1261 245 1320 latam
273 1268 353 1320 teres
377 1261 535 1338 diligenter
557 1263 708 1339 mixtaque
732 1263 843 1342 emnia,
871 1279 938 1322 cum
962 1263 993 1320 in
1016 1260 1176 1339 pulverem

156 1351 364 1409 tenuissimum
383 1349 544 1430 redegeris,
569 1349 684 1409 vulneri
703 1349 847 1431 adpones3
871 1367 939 1410 mox
959 1351 1063 1410 vitium
1081 1367 1176 1410 omne

156 1436 282 1498 sanabis.

105 1539 140 1589 48
248 1526 323 1587 Item
354 1526 390 1587 ad
421 1529 470 1587 ani
496 1527 566 1587 vitia
596 1527 807 1606 prominentia,
841 1543 915 1604 quae
948 1527 1083 1586 revocari
1111 1545 1175 1587 non
1190 1541 1213 1581 15

155 1623 294 1694 possunt:
317 1615 406 1696 Rubi,
428 1615 479 1676 ubi
503 1633 586 1676 mora
609 1623 783 1694 nascuntur,
807 1615 907 1675 caules
930 1617 1027 1675 teneri
1048 1622 1078 1674 et
1097 1615 1175 1676 buxi

155 1703 224 1764 lolia
248 1713 278 1766 ct
301 1713 403 1765 cortex
426 1703 495 1766 mali
518 1707 633 1783 granati
656 1703 702 1764 vel
725 1706 789 1782 ipsa
811 1721 898 1782 poma
922 1705 986 1763 eius
1013 1710 1041 1763 et
1066 1713 1173 1765 cortex

155 1792 272 1853 roboris
300 1793 429 1874 arboris,
457 1793 536 1854 unde
564 1793 644 1854 coria
673 1793 885 1872 conficiuntur,
913 1794 943 1852 in
972 1799 1049 1852 testo
1078 1811 1175 1872 supra

155 1901 267 1960 prunas
290 1889 443 1962 ponuntur
467 1889 497 1942 et
520 1884 598 1942 intra
622 1900 681 1962 vas,
706 1881 758 1941 ubi
781 1880 914 1962 offertur,
937 1880 1080 1941 fumantia
1101 1901 1173 1942 con·

156 1972 336 2052 stituuntur,
362 1979 394 2031 ut
418 1989 508 2050 supra
532 1971 633 2031 sedeat
657 1970 794 2030 infirmus
818 1968 977 2030 conclusus
1000 1968 1175 2052 diligenter,
1188 1987 1211 2026 eo

155 2079 193 2120 ne
217 2059 317 2120 fumus
340 2060 419 2120 loras
443 2067 540 2140 exeat,
565 2077 623 2138 quo
646 2059 724 2119 facto
748 2077 816 2118 cum
836 2065 943 2118 conatu
962 2075 1052 2118 anum
1072 2057 1175 2121 eidem

155 2150 236 2210 sumo
260 2149 377 2230 offerat,
405 2150 435 2208 in
463 2149 578 2208 recenti
600 2147 696 2208 taedio
720 2146 777 2206 hoc
800 2147 965 2207 remedium
987 2154 1034 2207 ter
1058 2148 1177 2210 factum

156 2236 320 2318 subveniet,
343 2239 374 2297 in
398 2244 498 2296 vetere
522 2254 591 2296 vero
615 2237 711 2296 taedio
736 2237 855 2314 saepius
877 2235 942 2295 fieri
966 2244 1093 2314 oportet.

101 2337 136 2386 49
246 2325 290 2385 Ad
313 2326 406 2407 idem,
434 2325 512 2404 quod
541 2332 571 2384 et
593 2324 731 2384 libidines
755 2324 899 2384 ollerendi
923 2331 952 2384 et
975 2331 1099 2385 conatus
1123 2344 1175 2386 re-

154 2417 278 2492 primet:
308 2413 454 2492 Ceparum
477 2413 673 2475 rotundarum
697 2412 743 2473 vel
766 2414 854 2474 etiam
877 2411 1002 2474 aliarum
1024 2412 1094 2473 lolia
1118 2425 1174 2476 aut
1191 2433 1218 2473 es

155 2505 283 2564 cortices
307 2504 402 2562 siccas
424 2511 454 2563 et
476 2504 573 2581 picem
597 2502 701 2563 duram
720 2501 809 2562 simul
827 2501 1007 2562 carbonibus
1025 2503 1172 2564 incendes

155 2599 186 2652 et
208 2608 286 2669 vaso,
309 2598 343 2651 ut
367 2592 506 2670 superius
525 2591 637 2653 dictum
657 2599 711 2672 est,
735 2589 875 2651 concluso
895 2590 1013 2651 sedebis
1032 2599 1062 2651 et
1081 2609 1170 2652 4444-

155 2689 203 2741 tus
232 2678 329 2758 dahis,
356 2687 391 2740 ut
418 2679 517 2740 firmus
547 2688 576 2740 et
605 2698 695 2759 vapor
723 2697 779 2740 ano
807 2681 1001 2761 suscipiatur,
1025 2697 1168 2757 praesens

155 2769 319 2848 experieris
342 2768 516 2828 remedium.

101 2868 135 2918 44
244 2855 415 2934 Conpositio
444 2858 537 2916 ceroti
566 2855 602 2916 ad
630 2857 699 2916 vitia
727 2857 776 2916 ani
792 2857 860 2916 sic:
894 2855 1021 2936 Spumae
1050 2858 1167 2935 argenti
1182 2875 1210 2915 44

156 2978 197 2988 -
216 2945 252 3026 ll,
271 2951 369 3006 cretae
389 2943 529 3004 Cimoliae
551 2937 588 3030 y·
608 2943 643 3026 ll,
662 2963 748 3006 44444
767 2944 894 3005 Punicae
915 2938 954 3031 β
974 2944 1009 3026 ll,
1027 2963 1167 3006 cerussae

153 3033 257 3116 -113
285 3051 360 3112 quae
388 3034 486 3093 omnia
515 3033 550 3093 ad
582 3051 727 3093 summam
749 3033 898 3094 levitatem
921 3042 1074 3114 teruntur,
1102 3042 1167 3094 tum

153 3127 185 3185 in
208 3141 277 3184 vase
302 3129 442 3201 argenteo
466 3141 534 3183 cera
558 3140 626 3182 cum
648 3122 712 3183 oleo
731 3141 818 3183 roseo
837 3125 1010 3204 remittitur,
1033 3125 1076 3183 sic
1099 3123 1167 3183 reli-

101 3224 213 3292 o1qua
241 3211 474 3274 confunduntur.
516 3210 686 3290 Conpositio
715 3211 751 3271 ad
779 3213 827 3271 ani
853 3213 922 3272 vitia
946 3213 1003 3272 sic:
1034 3211 1167 3294 Cecidos,

243 3354 259 3402 3
279 3348 494 3419 conprehensus.
600 3353 616 3402 8
636 3347 720 3416 atque
739 3345 792 3417 ita]
812 3345 906 3402 colite.
1012 3352 1045 3400 10
1063 3347 1166 3400 testam

155 3415 314 3473 Cornacates,
396 3424 429 3472 18
447 3420 522 3472 teste
541 3418 700 3474 Carnarius.
782 3422 816 3470 20
835 3417 879 3487 ut]
899 3418 936 3471 44.
1023 3423 1056 3472 22
1076 3433 1166 3472 reme-

154 3484 209 3540 dio.
301 3493 335 3542 24
355 3503 512 3558 caeparum.
587 3493 619 3542 31
640 3489 749 3542 craetae
768 3487 933 3542 chimoniae.
