2540 3802
538 136 779 201 -224-

155 297 448 376 conprehendantur.
480 296 559 358 flacc
583 299 665 376 potio
684 297 730 358 his
750 297 845 358 modis
864 299 973 358 ieiunis
992 296 1088 357 danda
1111 306 1171 360 est:

155 387 267 446 ciliacis
290 394 321 446 et
343 386 458 467 colicis,
487 388 540 466 qui
567 389 631 446 sine
655 386 737 446 febre
762 395 863 464 erunt,
891 404 928 446 ex
953 403 1028 464 aqua
1052 386 1171 466 frigida,

155 475 360 536 febriculentis
379 494 414 536 ex
434 494 518 556 aqua,
542 477 573 535 in
597 493 654 554 qua
673 474 814 536 anethum
832 475 868 534 ad
887 477 991 534 tertias
1010 473 1172 536 decoctum

156 564 260 642 luerit,
287 567 318 624 in
347 563 542 625 declinatione
566 581 636 623 vero
659 563 751 624 febris
774 563 810 622 ad
834 562 1069 641 magnitudinem
1094 563 1172 624 avel-

155 652 247 734 lanae,
271 653 435 734 spleniticis
458 672 494 713 er
515 671 590 731 aqua
610 671 678 712 cum
698 669 824 730 cappare
843 651 964 711 decocta
984 651 1099 730 cyathis
1119 655 1198 714 tri-o

155 741 212 802 bus
241 741 443 820 magnitudine
472 759 530 821 qua
558 759 660 821 supra,
689 743 812 819 epaticis
841 739 997 800 dimidium
1020 740 1174 802 avellanae

157 831 290 910 modum,
319 829 524 891 febriculentis
552 847 588 890 ex
614 828 796 908 hydromelis
823 828 928 907 cyatho
956 827 1003 888 vel
1031 847 1068 888 ex
1094 848 1174 909 aqua

156 919 261 1000 mulsa,
284 922 315 978 in
338 937 396 998 qua
415 919 556 980 anethum
576 936 644 978 oum
663 917 792 979 surculis
811 919 873 977 suis
893 917 984 979 fuerit
1003 916 1174 1000 decoctum,

156 1007 359 1088 orthopnoicis
386 1007 589 1087 magnitudine
615 1005 762 1067 avellanae
790 1007 915 1066 remissa
941 1007 973 1065 in
1002 1008 1080 1066 aceti
1103 1007 1174 1067 scil·

156 1095 232 1156 litici
259 1095 436 1156 cocliaribus
465 1104 605 1175 quattuor
631 1113 667 1156 ex
695 1113 788 1175 aquae
812 1095 923 1155 calidae
947 1094 1061 1173 cyathis
1086 1105 1175 1174 quat·
1190 1113 1216 1152 10

157 1195 234 1262 tuor,
253 1184 288 1243 ad
308 1201 458 1260 spasmum
478 1192 508 1244 et
527 1183 625 1242 cordis
642 1181 775 1243 dolorem
790 1183 835 1243 vel
849 1191 1010 1243 tremorem
1026 1201 1062 1242 ex
1076 1202 1175 1262 aquae

157 1270 269 1330 mulsae
294 1271 398 1349 cyatho
422 1271 625 1350 magnitudine
649 1270 804 1332 avellanae.
844 1271 888 1330 nd
911 1271 1013 1331 lateris
1037 1271 1174 1334 dolorem

159 1377 194 1418 ex
219 1376 294 1436 aqua
317 1358 411 1419 mulsa
434 1359 637 1438 magnitudine
661 1357 807 1420 avellanae
827 1367 930 1420 contra
953 1367 1070 1420 noctem
1090 1360 1175 1421 dabi-

157 1455 216 1526 tur,
240 1447 275 1507 ad
300 1447 448 1526 singultus
471 1456 501 1508 et
525 1447 634 1528 quihus
657 1447 752 1527 frigus
776 1449 865 1508 etiarn
886 1457 997 1508 aestate
1017 1449 1175 1530 insederit,

158 1554 194 1596 ex
218 1554 293 1615 aqua
317 1536 412 1596 mulsa
435 1537 521 1598 modo
546 1535 706 1616 avellanae;
736 1535 873 1614 pthisicis
902 1555 938 1596 ex
962 1555 1034 1597 suco
1058 1539 1174 1599 tisanae
1190 1557 1214 1598 15

158 1623 204 1684 vel
227 1643 264 1684 ex
287 1624 376 1685 mulsi
399 1627 512 1705 cyathis
532 1625 627 1687 tribus
646 1625 734 1686 modo
752 1625 909 1706 avellanae,
928 1625 1117 1704 dysintericis
1138 1645 1175 1687 ex

158 1732 247 1792 posca
272 1715 384 1793 cyathis
408 1715 525 1776 duobus
543 1715 631 1775 modo
651 1716 757 1774 ciceris
776 1715 903 1794 arietini,
926 1716 1115 1792 auruginosis
1137 1733 1175 1776 ex

158 1820 251 1881 aquae
275 1802 388 1863 mulsae
412 1804 525 1883 cyathis
548 1802 665 1864 duobus
693 1803 840 1864 avellanae
868 1801 1005 1883 duplum,
1033 1803 1175 1881 dysuriae

159 1899 190 1951 et
217 1889 330 1952 calculo
359 1911 395 1952 ex
419 1911 512 1972 aquae
536 1891 648 1972 cyathis
672 1891 782 1972 trihus,
805 1893 837 1950 in
861 1909 918 1969 qua
942 1898 1005 1951 tres
1028 1892 1175 1972 manipuli

159 1981 218 2058 apii
241 1979 354 2041 fuerint
376 1981 500 2061 decocti,
524 1980 727 2060 magnitudine
751 1979 907 2040 avellanae.
1190 1999 1215 2038 20

41 2089 50 2095 ·
108 2077 140 2125 14
247 2067 331 2128 Potio
355 2069 391 2129 ad
411 2087 482 2147 epar
500 2069 666 2148 utilissima,
689 2077 843 2146 praeterea
862 2067 935 2128 haec
954 2069 1022 2146 ipsa
1038 2086 1176 2146 comper·

159 2166 222 2217 tum
247 2165 276 2217 et
299 2166 546 2235 praesentaneum
571 2157 733 2217 remedium
759 2164 805 2217 est
829 2158 917 2216 etiam
941 2157 977 2216 ad
1000 2155 1101 2216 lateris
1120 2157 1175 2218 do-

159 2245 261 2325 lorem,
285 2247 393 2324 accipit
416 2244 501 2306 haec:
529 2245 644 2323 Piperis
669 2278 709 2287 —
730 2245 751 2325 Ι,
775 2247 851 2305 costi
877 2244 958 2324 -1,
982 2245 1077 2323 lupini
1100 2247 1176 2306 sicci

160 2336 251 2392 amari
274 2367 316 2376 —
336 2334 357 2394 l.
392 2333 472 2393 Haec
496 2336 593 2393 omnia
618 2335 696 2394 sicca
720 2341 807 2394 tunsa
827 2333 955 2394 cribrata
974 2335 1063 2393 mixta
1083 2334 1176 2394 simul

159 2438 300 2502 repones3
328 2439 396 2482 cum
425 2440 500 2500 opus
528 2422 627 2502 luerit,
651 2439 744 2482 unum
772 2421 905 2482 cocleare
929 2422 1049 2501 plenum
1072 2421 1118 2481 vel
1148 2425 1176 2482 si
1192 2441 1222 2482 sc

160 2511 239 2570 vires
262 2510 442 2569 infirmiores
467 2518 550 2592 sunt,
573 2529 686 2591 rasum,
710 2510 739 2570 id
764 2517 810 2570 est
833 2510 989 2590 rnclatum,
1013 2527 1081 2570 cnm
1104 2512 1175 2571 vino

160 2604 279 2658 austero
302 2599 402 2657 ieiuno
426 2601 541 2677 epatioo
561 2617 614 2676 per
634 2599 697 2658 dies
717 2607 778 2658 tres
798 2598 843 2660 vel
863 2601 995 2678 quinque
1014 2599 1174 2660 continuos

160 2685 256 2766 dahis,
284 2688 325 2746 ita
353 2693 387 2746 ut
415 2688 446 2746 in
476 2706 510 2747 eo
539 2686 631 2748 latere
659 2687 843 2765 conplicatus
871 2687 1051 2766 aliquamdiu
1079 2689 1176 2748 iaceat

160 2783 190 2835 et
214 2776 365 2854 cooperiat
389 2793 421 2834 se
445 2778 531 2856 sagis,
556 2783 677 2836 etcum
701 2777 834 2854 coeperit
857 2776 973 2855 sudare,
996 2775 1073 2835 levet
1092 2793 1123 2835 se
1143 2786 1176 2836 et

160 2863 329 2924 deambulet
352 2863 411 2924 diu.
1189 2886 1218 2924 so

109 2961 140 3011 15
249 2952 322 3012 Item
342 2959 498 3031 expertum
518 2961 606 3030 atque
626 2953 699 3013 utile
718 2951 753 3012 ad
774 2971 845 3030 epar
864 2953 1028 3012 remedium
1044 2951 1080 3011 de
1094 2951 1175 3013 loliis

160 3041 210 3100 fici
233 3041 332 3121 aridis,
355 3041 385 3100 id
410 3049 455 3102 est
475 3043 593 3102 siccatis
612 3041 668 3101 sub
689 3040 794 3101 umbra
814 3049 844 3101 et
862 3041 999 3100 arefactis
1018 3042 1098 3100 tritis
1117 3043 1175 3101 cri-

160 3129 316 3210 hlatisque,
340 3129 376 3188 de
401 3148 459 3209 quo
483 3129 605 3208 pulvere
630 3149 698 3190 cum
722 3129 841 3190 condito
865 3129 901 3188 ad
924 3147 1095 3189 mensuram
1116 3132 1176 3190 tria

251 3281 458 3338 thidromelis.
551 3282 766 3353 9ori0pnoicis.
846 3282 988 3335 remissae.
1066 3281 1175 3337 scilliti.

161 3360 196 3408 14
215 3354 361 3425 singull-os
435 3359 468 3408 15
487 3352 643 3422 pthipoicis.
716 3354 854 3407 thisanoe.
924 3358 956 3406 16
976 3350 1177 3410 disinthericis.

161 3429 193 3477 21
211 3428 394 3494 cumperium.
466 3432 500 3480 28
514 3424 555 3478 ita
570 3427 601 3479 ui
615 3427 643 3479 in
659 3442 692 3480 eo
706 3425 795 3478 latere
809 3422 994 3494 conplicatus]
1009 3421 1176 3480 itcsolatere

162 3494 327 3563 complictus.
400 3495 572 3564 aliquandiu.
