2636 3790
487 122 706 185 ..41-

88 285 171 346 bitur
195 285 223 344 ei
246 301 331 343 rosae
355 290 385 343 et
408 285 485 344 aceti
508 283 587 362 quod
611 285 682 344 satis
707 285 759 364 sit3
784 282 841 344 hoo
864 285 943 344 enim
966 283 1102 344 mirabile

88 374 347 434 medicamentum.
387 370 509 432 Cerebri
533 370 659 453 dolores,
683 390 718 432 er
742 371 852 450 quibus
875 375 964 433 etiam
988 372 1102 434 subitae
1121 385 1137 433 2

88 464 251 541 vertigines
269 463 417 538 oriuntur,
435 460 586 541 discuties,
605 462 631 520 si
649 460 747 540 planta
763 459 860 521 ulmea
874 471 963 540 caput
977 464 1103 523 circum·

88 551 227 631 ligaveris
255 557 344 628 atque
372 550 413 608 ita
441 556 601 610 coronatus
626 550 725 610 triduo
750 548 920 611 dormieris:
948 558 1104 628 expertum

64 648 144 701 sest.
184 638 307 698 Veteres
330 633 448 698 dol'ores
471 639 577 716 capitis
601 647 630 698 et
653 639 815 716 vertigines
839 639 898 698 cito
925 639 1104 718 emendabis,
1123 652 1139 700 3

88 731 115 790 si
138 728 226 788 betae
250 729 352 805 nigrae
375 745 447 787 suco
471 734 604 804 tempora
629 725 772 807 perlinas3
801 726 879 787 idem
907 735 1038 805 praestat
1060 729 1103 788 in·

88 817 144 879 tibi
168 835 270 894 sucus,
294 817 319 875 si
338 833 406 875 cum
426 833 547 876 rosaceo
571 811 636 876 oleo
660 823 690 874 et
714 824 797 875 aceto
817 817 927 876 mixtus
948 818 1039 894 capiti
1062 818 1105 876 in·

88 907 209 967 linatur.
251 903 295 964 td
323 906 500 983 vertiginem
528 902 702 964 abolendam
730 903 969 965 efficacissimum
993 913 1051 985 est,
1079 906 1141 964 sit

88 995 269 1056 abrotonum
302 994 405 1052 tritum
437 994 469 1052 in
497 993 558 1052 vini
590 993 710 1072 potione
743 992 876 1071 tepidum
909 992 1029 1054 bibatur
1061 992 1106 1054 vel

53 1103 75 1143 ιο
88 1101 159 1144 cum
184 1080 312 1160 oxymeli
335 1099 394 1140 non
413 1082 475 1140 acri
494 1083 666 1160 accipiatur.
706 1080 821 1152 Quibus
844 1083 1007 1160 vertigines
1030 1083 1141 1144 fiunto

87 1180 140 1234 aut
155 1169 267 1250 quibus
281 1187 365 1229 mens
380 1169 604 1248 perturbatione
619 1171 725 1249 capitis
741 1169 895 1250 alienatur,
914 1170 1031 1232 cocleae
1046 1173 1105 1232 sin·

87 1260 177 1340 gulae
203 1259 348 1318 contritae
371 1260 499 1319 maiores
523 1276 591 1319 cum
611 1259 673 1318 suis
692 1261 777 1319 testis
796 1277 831 1319 ex
850 1259 944 1320 calida
962 1262 1043 1339 passi
1063 1258 1107 1320 vel

87 1350 205 1410 defruti
228 1349 346 1426 potione
370 1347 454 1407 datae
478 1346 584 1407 diebus
603 1346 740 1427 plurimis
759 1355 894 1429 prosunt,
918 1351 944 1408 si
966 1358 1034 1428 post
1053 1350 1105 1409 tri·

87 1439 184 1499 duum
204 1437 379 1496 continuum
397 1437 607 1514 interpositum
627 1438 736 1496 iterum
755 1436 891 1515 plurimis
910 1437 1016 1498 diebus
1031 1439 1106 1498 acci-

48 1547 72 1587 re
86 1529 221 1607 piantur.
257 1522 315 1594 Qui
329 1542 419 1584 unam
433 1524 563 1585 cocleam
577 1526 718 1585 maiorem
735 1527 924 1586 semicoctam
944 1526 1108 1586 comederit
1126 1539 1142 1587 o

88 1616 137 1676 die
162 1615 269 1695 primo,
293 1615 432 1692 sequenti
455 1613 541 1688 duas,
565 1615 654 1674 tertio
677 1622 749 1694 tres,
772 1625 877 1692 quarto
899 1614 981 1694 duas,
1000 1617 1104 1693 quinto

88 1721 193 1783 unam,
217 1702 381 1762 remedium
401 1704 572 1792 experietup
597 1721 658 1762 non
677 1701 772 1763 solum
792 1703 828 1762 ad
847 1704 1032 1782 vertiginem,
1055 1701 1106 1761 sed

88 1795 181 1854 etiam
207 1790 242 1851 ad
266 1791 395 1869 suspiria
418 1798 448 1851 et
470 1793 597 1851 vomitus
620 1791 752 1869 prodest.
794 1789 977 1868 Vertiginem
1001 1791 1141 1868 capitist

88 1880 192 1942 abolet
221 1881 385 1940 vettonicae
418 1878 578 1940 fasciculus
606 1897 674 1940 cum
707 1895 782 1957 aqua
815 1878 907 1939 nitida
940 1878 976 1938 ad
1004 1881 1108 1940 tertias

50 1989 76 2028 so
91 1976 237 2030 excoctus
260 1975 311 2028 aut
333 1969 393 2045 apii
416 1967 519 2028 viridis
542 1967 703 2029 fasciculus
727 1985 794 2028 cum
817 1978 884 2028 ture
903 1966 1040 2027 similiter
1059 1967 1107 2028 de·

88 2065 198 2120 coctus
222 2064 252 2116 et
275 2073 311 2115 ex
329 2056 424 2117 mulsa
444 2075 518 2136 aqua
538 2057 636 2135 tepida
656 2063 783 2136 potatus.
817 2055 992 2135 llyoscyami
1009 2074 1106 2117 ramu-
1126 2069 1142 2117 8

88 2145 211 2208 sculum
238 2145 269 2204 in
297 2162 390 2224 aquae
419 2147 556 2206 sextariis
586 2145 683 2206 tribus
713 2163 807 2224 usque
836 2145 872 2205 ad
895 2146 999 2204 tertias
1023 2145 1108 2206 deco-

88 2253 167 2315 ques
197 2241 227 2294 et
256 2231 339 2293 dabis
367 2251 422 2312 per
447 2233 580 2294 triduum
603 2237 688 2314 potui
712 2235 879 2312 quartarios
902 2233 1035 2312 singulos
1059 2245 1110 2294 aut

89 2327 181 2385 etiem
207 2323 305 2382 minus
324 2339 378 2400 pro
399 2321 572 2383 habitudine
591 2322 637 2383 vel
656 2331 751 2384 aetate
770 2322 816 2382 vel
835 2340 917 2383 sexu.
952 2322 1108 2386 Trifolium
1127 2336 1142 2384 9

51 2428 75 2467 ss
88 2411 226 2492 herbam,
247 2427 322 2489 quac
338 2410 447 2471 Gallice
466 2411 577 2472 dicitur
595 2413 772 2491 visumarus,
795 2429 871 2490 aqua
891 2411 997 2490 lrigida
1014 2431 1109 2473 mace·

88 2509 157 2562 rato
182 2507 213 2560 et
236 2516 301 2559 eam
324 2517 431 2578 aquam
454 2499 559 2560 diebus
584 2500 687 2560 decem
710 2499 818 2582 bibito,
846 2500 898 2560 sed
928 2508 961 2560 ut
986 2500 1108 2561 herbam

88 2589 203 2665 cotidie
227 2595 334 2649 mutes.
369 2588 444 2667 llisy
467 2587 542 2648 libra
566 2607 625 2648 una
648 2607 716 2649 cnm
740 2597 824 2649 aceto
847 2590 910 2649 acri
932 2591 1060 2650 contrita
1079 2597 1109 2649 et
1130 2599 1162 2648 10

89 2679 187 2740 tronti
210 2675 294 2736 inlita
318 2676 495 2737 mirabiliter
518 2679 693 2756 vertiginem
717 2677 808 2738 sedat.

518 2817 596 2880 etr.
620 2817 682 2878 llll.

85 2911 253 2982 Pityriesi
276 2914 310 2967 ct
333 2911 493 2982 porriglni
515 2925 555 2968 ao
572 2912 738 2982 prurigini
756 2916 861 2984 atque
880 2913 1055 2970 ulceribus
1075 2915 1110 2969 et

298 3000 460 3056 lendibus
483 3003 518 3056 et
539 3001 744 3071 pedunculis
768 3002 895 3072 ospitis.

182 3119 341 3198 Pityriasin
369 3126 399 3178 et
427 3121 594 3197 porrigines
622 3122 740 3200 capitis,
770 3139 844 3200 quae
875 3120 1052 3200 plerumque
1077 3122 1141 3180 int

48 3243 72 3282 ω
87 3210 260 3290 perniciem
284 3225 315 3268 se
340 3215 526 3288 convertunt,
550 3210 608 3268 nisi
631 3219 816 3290 occurratur,
842 3212 969 3289 perungi
992 3216 1110 3288 oportet

167 3350 274 3398 tsueo.
330 3341 441 3398 mixtos.
498 3348 531 3396 10
546 3342 686 3412 oxymelli.
749 3350 780 3397 12
795 3359 855 3397 con.
913 3347 945 3394 13
960 3339 1036 3408 post]
1051 3354 1109 3406 per.

88 3422 124 3471 14
145 3415 252 3470 iterum
271 3413 445 3483 interpositis
465 3413 604 3484 (plurimis
623 3415 686 3482 om.)
705 3413 812 3468 diebus.
885 3417 919 3463 22
939 3410 1109 3476 dequoques.

89 3493 124 3542 23
147 3485 243 3556 dabis]
262 3486 294 3540 in
312 3486 362 3541 boc
378 3486 489 3541 uerbum
507 3486 609 3540 desiuit
627 3486 710 3540 codes
727 3499 811 3552 usque
829 3482 867 3535 ad
884 3478 945 3545 Vll,
963 3483 988 3532 4.
