2564 3794
512 157 730 221 ,91-

111 319 242 396 gummis
265 316 291 376 X
310 317 323 378 l
342 317 370 377 8.
413 317 493 380 llaec
516 327 604 379 tunsa
627 328 657 378 et
680 318 809 380 cribrata
832 338 901 380 cum
925 322 991 380 vino
1015 323 1126 399 optimc

110 415 194 467 teres
217 413 305 485 atque
329 407 398 467 inde
418 407 539 487 collyria
562 407 713 468 formabis.
752 406 878 478 Quidam
901 407 1034 469 adiciunt
1056 409 1126 470 huic

111 493 236 574 collyrio
264 497 395 573 viperam
424 497 533 556 siccam
561 503 592 556 et
615 496 773 558 arefactam
797 495 873 556 bene
896 498 928 556 in
951 494 1026 578 sole,
1053 507 1125 559 tam·

111 600 201 661 quam
230 585 256 642 si
279 585 318 643 sit
341 583 442 664 salita3
465 584 542 645 hanc
566 603 637 663 ergo
660 587 686 645 si
708 585 838 646 volueris
861 585 987 667 adicere,
1010 603 1126 646 exossa-

81 670 159 730 sbis
183 673 267 749 prius
290 679 321 731 et
342 671 464 732 linteolo
487 673 618 733 involves
641 681 731 752 atque
754 676 794 734 ita
818 691 909 753 super
931 691 996 733 eam
1016 676 1126 754 vinum,

110 759 191 820 unde
216 759 370 839 collyrium
393 760 450 821 boc
470 761 696 840 temperandum
716 769 771 842 est,
794 761 948 841 defundes,
971 761 1023 821 sed
1042 763 1127 840 prius

110 866 177 908 eam
200 849 243 908 sic
266 848 484 929 praecantabis,
511 869 550 910 ne
577 850 718 910 lacrimus
745 859 844 930 exeat,
871 867 908 910 ne
939 849 1065 930 extillet,
1088 868 1126 911 ne

110 943 226 996 noceat.
263 936 349 998 Dices
372 946 486 999 autem:
512 937 666 1008 Quomodo
690 949 723 999 tu
746 957 807 998 non
830 939 921 1018 rides,
945 940 988 998 sic
1007 947 1037 1000 et
1055 947 1126 998 tuus

110 1042 203 1086 sucus
231 1033 367 1104 gustatus
396 1025 470 1087 nulli
499 1035 617 1108 noceat,
647 1026 699 1088 sed
723 1026 861 1108 obrem,
888 1035 1012 1106 propter
1038 1045 1126 1106 quam

70 1131 97 1172 ro
111 1113 227 1174 adiecta
257 1132 303 1193 es,
332 1115 470 1192 proficias
503 1115 579 1176 bene
612 1117 766 1176 curatione
798 1134 914 1194 precor.
961 1114 1179 1195 Collyriumaoo

17 1249 18 1280 ,
110 1201 258 1280 liquidum
282 1202 551 1264 delacrimatorium
572 1206 680 1284 accipit
697 1203 784 1265 baec:
807 1203 997 1265 Chelidoniae
1015 1203 1126 1264 herbae

17 1303 18 1306 ’
110 1292 177 1350 suci
196 1289 221 1349 X
237 1290 266 1369 S,
285 1290 381 1351 mellis
399 1291 491 1353 Attici
505 1292 566 1372 XI,
586 1291 768 1372 opobalsami
786 1292 812 1352 X
827 1292 856 1374 8,
876 1295 940 1354 suci
958 1292 1080 1372 porriX
1096 1292 1125 1354 8.

110 1377 191 1438 llaec
210 1381 301 1440 mixta
320 1379 357 1439 de
372 1381 437 1459 ipso
453 1399 525 1442 suco
546 1381 668 1460 colliges
687 1381 733 1442 vel
752 1382 789 1442 de
808 1400 883 1461 aqua
903 1381 1023 1442 fontana
1036 1390 1125 1460 atque

109 1468 152 1526 ita
181 1466 300 1546 collyria
328 1467 478 1530 formabis.
525 1469 686 1550 Collyrium
714 1473 828 1532 siccum
856 1469 950 1530 oculis
974 1469 1177 1531 siccandiseor

69 1574 96 1615 ru
110 1554 185 1616 utile
205 1556 362 1616 conficitur
381 1559 438 1618 sic:
462 1557 598 1618 Cadmiae
618 1557 679 1638 Xl,
699 1561 777 1619 aeris
796 1560 856 1618 usti
874 1557 900 1618 X
918 1556 940 1639 l,
959 1558 1042 1618 stibii
1060 1557 1124 1636 X13

109 1643 220 1704 adicies
238 1644 308 1704 huic
327 1643 458 1728 collyrio,
482 1648 508 1706 si
526 1648 625 1707 acrius
643 1646 717 1707 illud
735 1647 833 1707 facere
853 1645 991 1726 volueris,
1016 1651 1126 1706 stactes

109 1731 136 1791 X
156 1731 176 1791 8
200 1740 231 1792 et
253 1733 361 1794 tondes
385 1743 475 1813 atque
500 1734 647 1795 cribrabis
673 1753 728 1812 per
755 1735 965 1795 tenuissimum
992 1733 1125 1793 cribrum

109 1828 140 1880 et
167 1822 211 1881 sic
238 1821 362 1900 pulvere
389 1825 492 1883 uteris.
538 1822 625 1883 Aliud
654 1825 768 1883 siccum
797 1821 951 1901 collyrium
979 1821 1014 1882 ad
1042 1821 1178 1882 idom202

109 1908 215 1969 efficax
234 1911 291 1970 sic:
315 1909 452 1972 Cadmiae
473 1911 498 1970 X
518 1910 591 1991 Vlll,
611 1910 680 1971 salis
700 1911 875 1972 ammoniaci
893 1909 919 1970 X
935 1908 995 1990 Vll,
1013 1911 1126 1988 piperis

67 2015 95 2056 ro
108 1996 135 2056 X
149 1996 182 2078 V,
201 2000 297 2058 casiae
317 1998 342 2058 X
361 1998 392 2059 V.
432 1999 552 2060 Tundes
575 1999 649 2060 haec
673 2007 762 2078 atque
785 1998 991 2078 inpuberem
1015 1999 1126 2058 tenuis·

109 2089 217 2147 simum
248 2086 366 2165 rediges
396 2095 426 2148 et
453 2089 497 2148 sic
520 2091 624 2149 uteris.
671 2086 832 2167 Collyrium
855 2089 968 2146 siccum
992 2085 1178 2146 callible-203

107 2175 222 2253 pharon
242 2176 399 2236 conficitur
419 2177 477 2238 sic:
502 2175 591 2237 Stibii
609 2175 748 2238 conbusti
766 2175 792 2236 X
807 2175 828 2256 l,
847 2176 960 2254 piperis
978 2173 1036 2234 albi
1054 2172 1080 2234 X
1096 2173 1125 2254 8,

108 2262 172 2322 folii
195 2263 358 2345 capitulum
381 2283 484 2344 ornum,
508 2264 631 2326 stibium
655 2264 804 2325 conbures
828 2271 858 2324 et
881 2263 953 2324 lotio
972 2265 1059 2342 pueri
1082 2264 1125 2323 in·

107 2351 198 2430 pubis
226 2355 384 2429 extingues
412 2361 443 2414 et
466 2353 592 2414 siccabis
622 2361 652 2414 et
675 2353 783 2414 tundes
807 2360 837 2413 et
860 2351 1005 2413 cribrabis
1029 2360 1059 2412 et
1082 2353 1125 2412 sic

68 2458 95 2500 ss
109 2442 213 2501 uteris.
246 2439 408 2520 Collyrium
427 2441 458 2502 di
472 2460 547 2503 oxus
566 2441 602 2502 ad
622 2442 824 2520 aspritudines
842 2440 999 2501 oculorum
1017 2439 1179 2501 tollen-204

109 2529 161 2589 das
186 2530 357 2590 conficitur:
395 2529 531 2590 Cadmiae
556 2529 582 2590 X
600 2529 668 2610 llll,
692 2533 770 2590 aeris
794 2531 854 2590 usti
876 2528 902 2588 X
921 2527 960 2608 X,
984 2527 1124 2589 haemati-

108 2619 147 2677 tis
171 2616 197 2676 X
216 2616 248 2700 V,
271 2635 389 2697 myrrae
412 2617 438 2678 X
456 2617 518 2699 llll,
537 2621 665 2697 gummis
684 2618 710 2679 X
729 2618 787 2679 Vll.
825 2617 904 2678 llaec
923 2616 1125 2695 inpuberem

107 2705 229 2766 redacta
252 2713 337 2766 aceto
361 2708 473 2784 optimo
496 2707 618 2786 colliges
647 2715 678 2767 et
700 2706 807 2767 deindo
830 2705 951 2784 collyria
974 2704 1124 2765 formabis.

107 2793 271 2872 Collyrium
294 2802 423 2855 stastum
442 2798 549 2875 accipit
567 2795 655 2856 hacc:
678 2795 793 2874 Piperis
813 2793 872 2855 albi
891 2793 917 2854 X
936 2792 971 2873 ll,
989 2793 1178 2854 cadmiaetob

68 2881 133 2942 eoX
154 2881 205 2942 Vll
225 2883 254 2964 8,
278 2900 419 2944 cerussae
442 2882 468 2943 X
487 2883 510 2944 V
530 2885 559 2959 8,
582 2885 678 2945 ludici
701 2883 769 2943 XV
789 2883 822 2964 8,
846 2881 1026 2962 opobalsami
1049 2880 1075 2941 X
1095 2880 1124 2960 8,

106 2973 237 3050 gummis
260 2970 378 3031 XVlll.
424 2971 504 3032 llaec
531 2974 563 3033 in
588 2973 743 3053 pulverem
766 2972 885 3032 redacta
908 2969 1033 3030 falerno
1057 2971 1124 3030 vino

106 3059 290 3139 temperabis
307 3067 337 3120 et
351 3059 481 3139 colliges.
515 3060 676 3141 Collyrium
692 3060 893 3140 diapsoricum
907 3060 1016 3136 accipit
1034 3057 1178 3118 haec-zoe

111 3147 226 3226 Piperis
240 3147 299 3208 albi
313 3147 339 3208 X
355 3147 377 3229 1,
392 3151 473 3209 croci
489 3148 581 3210 Siculi
595 3149 620 3208 X
636 3150 658 3230 l,
673 3167 790 3229 myrrae
804 3147 875 3228 Xll,
889 3146 979 3207 amuli
992 3145 1049 3226 Xl,
1064 3147 1125 3223 opii

106 3235 133 3295 X
148 3237 179 3316 8,
198 3236 379 3316 opobalsami
393 3236 419 3296 X
435 3237 463 3318 S,
483 3240 611 3315 gummis
626 3237 651 3296 X
667 3236 702 3298 ll.
733 3236 816 3315 Aqua
836 3235 956 3316 pluviali
974 3235 1047 3294 baec
1066 3232 1124 3293 col·

66 3341 93 3382 aa
105 3325 182 3404 liges
192 3333 281 3386 tunsa
289 3333 378 3405 atque
391 3325 519 3386 cribrata
530 3334 618 3405 atque
629 3325 698 3386 inde
711 3325 830 3404 collyria
842 3324 941 3382 facies.
960 3320 1177 3398 Collyriumeot

179 3511 318 3570 dsallita.
392 3517 426 3566 16
445 3512 549 3568 stactes
567 3511 594 3566 X
613 3511 644 3584 8]
665 3512 771 3567 stactes
791 3510 823 3565 V.
896 3513 929 3560 31
948 3504 1072 3575 pulvere.
