2564 3794
506 157 723 222 „95-

104 326 257 378 contactae
285 319 315 376 in
345 317 479 395 globulos
508 317 727 399 conplicantur,
754 321 785 378 in
814 319 878 380 oleo
907 331 1045 382 excoctae
1074 323 1118 382 in-

103 406 247 484 lusasque
276 405 398 466 auribus
427 408 526 466 statim
555 415 689 484 prosunt.
736 407 810 468 Tres
838 427 962 470 araneae
985 413 1118 471 viventes
1139 421 1170 469 11

102 498 134 555 in
159 493 224 554 oleo
248 495 274 553 si
297 494 431 555 ferveant
454 495 489 554 ad
514 495 614 555 locum
636 497 750 574 positae
773 503 862 575 atque
891 498 960 558 inde
984 499 1117 578 tepidum

103 582 226 643 auribus
251 583 330 661 quod
354 583 482 643 sufficiat
505 583 680 665 instilletur,
706 586 765 645 cito
788 585 962 646 remediant.
1009 587 1116 648 Savum
1138 598 1171 646 12

74 671 261 732 avitulinum
284 671 371 749 adipe
394 673 508 732 anseris
531 674 657 732 mixtum
685 672 800 733 adiecto
829 676 916 735 ocimi
945 692 1017 735 suco
1043 678 1118 753 tepi-

103 759 175 820 dum
204 759 326 820 auribus
353 761 486 821 inlusum
515 763 626 840 optimc
655 769 746 822 sanat.
792 761 897 822 Raiani
926 781 1059 844 quoque,
1087 763 1170 822 id13

102 857 149 908 est
172 848 281 908 radicis
306 867 380 927 quae
403 848 613 930 manducatur,
636 867 727 911 sucus
750 851 869 910 inlusus
892 850 1042 912 auriculae
1067 851 1116 910 do·

101 937 176 997 lenti
198 937 348 1019 inlinitum
371 936 502 1016 prodest.
540 936 610 996 Gari
633 937 804 999 excellentis
828 939 966 1019 cyathum
987 947 1018 1000 et
1041 941 1118 999 aceti
1138 950 1170 998 14

103 1026 209 1104 optimi
232 1025 370 1104 cyathum
394 1034 424 1086 et
441 1025 538 1085 mellis
561 1025 716 1087 dimidium
739 1027 877 1107 cyathum
901 1045 1118 1107 superaquam

62 1114 268 1174 1oferventem
295 1115 326 1173 in
354 1113 411 1174 alio
439 1131 508 1174 vaso
536 1132 647 1192 coques
675 1123 705 1176 ct
729 1117 903 1195 frequenter
926 1116 1117 1196 despumabis

103 1202 140 1262 de
164 1200 286 1280 pinnula
308 1202 468 1281 tepidoque
492 1202 686 1264 medicamine
709 1222 796 1265 aures
819 1204 967 1266 inrorabis
995 1213 1025 1266 et
1048 1223 1117 1267 con-

103 1290 229 1370 chyliata
252 1289 349 1351 lanula
372 1290 506 1352 claudes:
529 1290 612 1351 valde
635 1291 693 1353 hoc
716 1294 881 1355 remedium
903 1296 983 1355 inter
1002 1296 1117 1374 experi-

102 1385 203 1438 menta
216 1378 362 1440 laudatur.
389 1378 510 1440 Fraxini
528 1382 688 1440 tenerrima
708 1382 776 1442 lolia
794 1383 902 1443 tundas
923 1391 953 1444 et
967 1385 1116 1462 exprimes
1138 1393 1169 1440 15

103 1485 209 1527 sucum
233 1485 336 1528 eorum
360 1475 448 1546 atque
472 1467 594 1529 auribus
617 1469 787 1531 dolentibus
810 1471 944 1550 tepidum
967 1471 1115 1532 infundes.

62 1573 88 1614 15
102 1555 224 1614 Fraxini
246 1563 398 1617 recentem
422 1555 589 1637 surculum,
617 1557 647 1616 id
677 1565 722 1618 est
744 1577 849 1619 umore
872 1561 995 1638 proprio
1019 1559 1116 1618 adhuc
1137 1567 1169 1616 16

102 1643 280 1723 madentem,
304 1663 339 1704 ex
362 1662 420 1704 una
444 1647 582 1722 partein
606 1645 672 1706 loco
695 1664 788 1724 pones
812 1655 842 1707 ct
866 1665 934 1707 cum
957 1646 1117 1726 paraliam

102 1739 219 1811 partem
238 1750 329 1792 sucus
348 1731 478 1814 ebulliet,
502 1735 648 1812 suscipies
667 1752 735 1794 eum
755 1734 913 1811 diligenter
935 1741 965 1794 et
983 1733 1048 1794 oleo
1068 1733 1117 1793 ad-

103 1821 165 1880 dito
189 1820 368 1898 tepefactum
391 1821 514 1882 auribus
537 1820 702 1882 instillabis.
740 1821 850 1882 Cardui
870 1822 996 1882 silvatici
1015 1839 1116 1882 semen
1137 1833 1169 1881 11

103 1927 140 1968 ex
164 1907 228 1968 oleo
252 1927 363 1988 coques
386 1911 426 1970 ita
453 1909 574 1982 leniter,
602 1927 640 1969 ne
663 1918 781 1990 uratur,
810 1910 889 1989 quod
912 1917 1016 1989 postea
1040 1909 1116 1970 oola-

63 2017 89 2056 ao
104 1996 150 2056 bis
178 2015 233 2075 per
257 1997 414 2058 linteolum
442 2006 472 2058 et
499 1997 632 2078 tepidum
661 1998 799 2058 infundes
827 1998 938 2058 dolenti
967 1998 1117 2059 auriculae

104 2103 138 2145 ac
161 2085 268 2145 deinde
291 2086 356 2146 lana
378 2104 530 2165 purpurea
553 2085 715 2147 obturabis.
762 2085 861 2168 Croci,
886 2105 1017 2167 myrrae,
1039 2088 1116 2147 turis
1136 2096 1169 2145 18

104 2175 208 2234 uncias
237 2181 395 2252 quaternas
423 2182 561 2236 conteres
584 2182 614 2235 ct
637 2175 747 2236 adicies
771 2175 830 2236 mel
852 2176 996 2255 Atticum,
1025 2192 1116 2254 quan·

103 2271 168 2324 turn
192 2261 330 2323 sufficere
350 2265 510 2343 putaveris,
534 2281 568 2323 ac
586 2264 743 2325 decoctum
762 2265 946 2325 medicamen
965 2263 1115 2325 auriculae

103 2350 252 2411 infundes.
299 2349 460 2412 Galbanum
489 2370 557 2412 curn
586 2352 649 2412 oleo
678 2371 799 2413 rosaceo
827 2355 985 2414 remissurn
1014 2359 1044 2412 et
1068 2361 1115 2412 ter
1134 2363 1167 2412 12

63 2458 89 2498 aa
104 2448 155 2500 aut
179 2447 284 2517 quater
306 2439 438 2500 inlusum
461 2440 583 2501 auribus
607 2443 682 2501 mire
706 2441 823 2502 dolores
846 2441 930 2502 tollit.
969 2441 1115 2502 Alrvminis
1134 2453 1167 2501 2ο

102 2527 211 2607 liquidi
232 2527 349 2608 -llll,
368 2528 464 2588 mellis
485 2561 523 2573 —
539 2529 588 2610 lll,
612 2532 689 2590 aceti
713 2533 879 2609 quartarios
897 2539 974 2611 tres3
998 2529 1115 2590 alumen

103 2635 173 2676 cum
197 2624 280 2677 aceto
303 2623 384 2677 teres
407 2625 438 2677 et
456 2616 544 2678 simul
562 2619 660 2678 omnia
679 2636 847 2698 concoquas
866 2619 902 2679 ad
922 2620 1039 2699 tertias3
1058 2618 1116 2678 hoc

102 2704 288 2766 medicamen
311 2705 445 2784 tepidum
469 2706 618 2766 auriculae
642 2707 773 2768 inlusum
794 2726 850 2786 pus
870 2709 980 2786 optime
998 2715 1115 2787 purgat,

103 2811 221 2854 vermes
244 2801 343 2874 necat,
371 2812 475 2872 aquam
500 2795 587 2855 etiam
612 2797 638 2854 si
660 2797 815 2856 intraverit
842 2796 951 2857 educit.
997 2794 1113 2856 llerbae
1130 2808 1164 2857 21

63 2903 89 2943 ao
102 2881 252 2963 polygoni,
276 2899 362 2960 quam
386 2900 440 2942 nos
465 2883 666 2961 sanguinalem
688 2883 824 2964 dicimus,
847 2903 937 2945 sucus
956 2901 1115 2962 expressus

103 2981 132 3032 et
156 2971 275 3030 infusus
297 2972 373 3030 mira
396 2971 526 3031 efficacia
549 2971 681 3032 dolorem
704 2971 863 3051 ulceraque
887 2963 1003 3033 aurium
1023 2979 1114 3032 sanat.

102 3058 204 3137 Adeps
232 3061 345 3118 anseris
373 3061 515 3120 miscetur
545 3062 626 3120 croci
654 3079 726 3121 suco
754 3069 785 3122 et
812 3061 867 3121 alei
893 3061 1011 3121 contusi
1034 3078 1115 3141 suco,
1134 3070 1168 3118 22

104 3165 181 3227 quac
199 3147 297 3207 inlusa
316 3147 439 3208 auribus
457 3148 660 3209 incommodos
679 3151 795 3210 sonitus
808 3151 993 3228 tinnitusque
1013 3167 1115 3210 aarum

171 3303 194 3351 '4
217 3299 374 3354 remediant
400 3300 512 3381 scripsi:
539 3301 633 3354 remed
661 3301 693 3355 ira
719 3303 773 3368 doe
799 3316 904 3368 ausus,
930 3301 1116 3354 madebuntur

104 3370 266 3425 Carnarius.
339 3373 404 3425 oet
421 3371 534 3442 ad1pam
551 3386 603 3439 pro
622 3370 713 3440 adipe.
778 3369 902 3424 orafini.
972 3373 1005 3422 11
1024 3370 1115 3422 tener-

102 3439 178 3494 n‘mi.
239 3443 272 3494 15
290 3456 424 3497 umorem.
483 3447 515 3495 16
534 3445 563 3496 et
581 3456 631 3495 orn.
686 3447 719 3496 27
739 3455 925 3510 conqnoques.
981 3443 1015 3491 29
1033 3453 1115 3504 aqua.

104 3518 138 3566 33
157 3511 351 3567 incommodis.
