<?xml version="1.0" encoding="UTF-8"?>
<!DOCTYPE html PUBLIC "-//W3C//DTD XHTML 1.0 Transitional//EN"
    "http://www.w3.org/TR/xhtml1/DTD/xhtml1-transitional.dtd">
<html xmlns="http://www.w3.org/1999/xhtml" xml:lang="en" lang="en">
 <head>
  <title>
</title>
<meta http-equiv="Content-Type" content="text/html;charset=utf-8" />
  <meta name='ocr-system' content='tesseract 3.04.00' />
  <meta name='ocr-capabilities' content='ocr_page ocr_carea ocr_par ocr_line ocrx_word'/>
</head>
<body>
  <div class='ocr_page' id='page_1' title='image "./marcellidemedic02helmgoog_0219.png"; bbox 0 0 2540 3802; ppageno 0'>
   <div class='ocr_carea' id='block_1_1' title="bbox 467 171 705 235">
    <p class='ocr_par' dir='ltr' id='par_1_1' title="bbox 467 171 705 235">
     <span class='ocr_line' id='line_1_1' title="bbox 467 171 705 235; baseline 0.004 -1"><span class='ocrx_word' id='word_1_1' title='bbox 467 171 705 235; x_wconf 75' lang='lat'>—207-</span> 
     </span>
    </p>
   </div>
   <div class='ocr_carea' id='block_1_2' title="bbox 1 311 1191 2983">
    <p class='ocr_par' dir='ltr' id='par_1_2' title="bbox 1 311 1191 1745">
     <span class='ocr_line' id='line_1_2' title="bbox 1 311 1093 416; baseline 0.012 -31"><span class='ocrx_word' id='word_1_2' title='bbox 1 311 2 346; x_wconf 65' lang='lat'>³</span> <span class='ocrx_word' id='word_1_3' title='bbox 79 329 179 390; x_wconf 88' lang='lat' dir='ltr'>tribus</span> <span class='ocrx_word' id='word_1_4' title='bbox 202 330 248 390; x_wconf 87' lang='lat' dir='ltr'>vel</span> <span class='ocrx_word' id='word_1_5' title='bbox 268 337 408 409; x_wconf 90' lang='lat' dir='ltr'>quattuor</span> <span class='ocrx_word' id='word_1_6' title='bbox 427 339 457 392; x_wconf 89' lang='lat' dir='ltr'>ct</span> <span class='ocrx_word' id='word_1_7' title='bbox 474 341 576 410; x_wconf 92' lang='lat' dir='ltr'>postea</span> <span class='ocrx_word' id='word_1_8' title='bbox 597 332 680 393; x_wconf 90' lang='lat' dir='ltr'>dabis</span> <span class='ocrx_word' id='word_1_9' title='bbox 698 335 850 412; x_wconf 89' lang='lat' dir='ltr'>potionem</span> <span class='ocrx_word' id='word_1_10' title='bbox 870 335 981 396; x_wconf 81' lang='lat' dir='ltr'>calidae</span> <span class='ocrx_word' id='word_1_11' title='bbox 1000 355 1093 416; x_wconf 83' lang='lat' dir='ltr'>aquae</span> 
     </span>
     <span class='ocr_line' id='line_1_3' title="bbox 80 419 1093 506; baseline 0.009 -29"><span class='ocrx_word' id='word_1_12' title='bbox 80 426 111 476; x_wconf 88' lang='lat' dir='ltr'>et</span> <span class='ocrx_word' id='word_1_13' title='bbox 130 437 198 479; x_wconf 91' lang='lat' dir='ltr'>cum</span> <span class='ocrx_word' id='word_1_14' title='bbox 213 419 340 501; x_wconf 77' lang='lat' dir='ltr'>dederis,</span> <span class='ocrx_word' id='word_1_15' title='bbox 360 422 488 500; x_wconf 83' lang='lat' dir='ltr'>accipies</span> <span class='ocrx_word' id='word_1_16' title='bbox 503 421 649 481; x_wconf 80' lang='lat' dir='ltr'>mercedis</span> <span class='ocrx_word' id='word_1_17' title='bbox 664 423 886 505; x_wconf 80' lang='lat' dir='ltr'>quodcumque3</span> <span class='ocrx_word' id='word_1_18' title='bbox 905 425 991 484; x_wconf 89' lang='lat' dir='ltr'>multi</span> <span class='ocrx_word' id='word_1_19' title='bbox 1005 429 1093 506; x_wconf 86' lang='lat' dir='ltr'>enim,</span> 
     </span>
     <span class='ocr_line' id='line_1_4' title="bbox 80 509 1094 593; baseline 0.007 -26"><span class='ocrx_word' id='word_1_20' title='bbox 80 509 133 584; x_wconf 85' lang='lat' dir='ltr'>qui</span> <span class='ocrx_word' id='word_1_21' title='bbox 151 509 210 568; x_wconf 89' lang='lat' dir='ltr'>cito</span> <span class='ocrx_word' id='word_1_22' title='bbox 231 511 328 569; x_wconf 89' lang='lat' dir='ltr'>curati</span> <span class='ocrx_word' id='word_1_23' title='bbox 346 516 424 589; x_wconf 85' lang='lat' dir='ltr'>sunt,</span> <span class='ocrx_word' id='word_1_24' title='bbox 443 511 552 586; x_wconf 81' lang='lat' dir='ltr'><strong>ingrati</strong></span> <span class='ocrx_word' id='word_1_25' title='bbox 570 513 741 592; x_wconf 80' lang='lat' dir='ltr'>extiterunt,</span> <span class='ocrx_word' id='word_1_26' title='bbox 759 520 882 591; x_wconf 90' lang='lat' dir='ltr'>propter</span> <span class='ocrx_word' id='word_1_27' title='bbox 899 514 978 592; x_wconf 88' lang='lat' dir='ltr'>quod</span> <span class='ocrx_word' id='word_1_28' title='bbox 994 516 1094 593; x_wconf 91' lang='lat' dir='ltr'>ipsum</span> 
     </span>
     <span class='ocr_line' id='line_1_5' title="bbox 80 597 1191 707; baseline 0.008 -54"><span class='ocrx_word' id='word_1_29' title='bbox 80 597 248 658; x_wconf 77' lang='lat' dir='ltr'>antidotum</span> <span class='ocrx_word' id='word_1_30' title='bbox 270 597 452 658; x_wconf 80' lang='lat' dir='ltr'>acharistum</span> <span class='ocrx_word' id='word_1_31' title='bbox 475 597 647 676; x_wconf 89' lang='lat' dir='ltr'>appellatur.</span> <span class='ocrx_word' id='word_1_32' title='bbox 1180 656 1191 707; x_wconf 51' lang='lat' dir='ltr'><em>l</em></span> 
     </span>
     <span class='ocr_line' id='line_1_6' title="bbox 1 686 1181 770; baseline 0.013 -30"><span class='ocrx_word' id='word_1_33' title='bbox 1 741 4 751; x_wconf 69' lang='grc'><strong>,</strong></span> <span class='ocrx_word' id='word_1_34' title='bbox 51 699 65 740; x_wconf 82' lang='lat' dir='ltr'>s</span> <span class='ocrx_word' id='word_1_35' title='bbox 170 686 366 768; x_wconf 81' lang='lat' dir='ltr'>Oxyporium‚</span> <span class='ocrx_word' id='word_1_36' title='bbox 395 686 473 765; x_wconf 90' lang='lat' dir='ltr'>quod</span> <span class='ocrx_word' id='word_1_37' title='bbox 488 687 608 748; x_wconf 74' lang='lat' dir='ltr'>,dicitur</span> <span class='ocrx_word' id='word_1_38' title='bbox 631 687 811 770; x_wconf 81' lang='lat' dir='ltr'>chymation‚</span> <span class='ocrx_word' id='word_1_39' title='bbox 839 690 910 750; x_wconf 91' lang='lat' dir='ltr'>facit</span> <span class='ocrx_word' id='word_1_40' title='bbox 937 691 973 750; x_wconf 87' lang='lat' dir='ltr'>ad</span> <span class='ocrx_word' id='word_1_41' title='bbox 997 690 1092 752; x_wconf 92' lang='lat' dir='ltr'>calcu·</span> <span class='ocrx_word' id='word_1_42' title='bbox 1112 707 1146 756; x_wconf 81' lang='lat'>93</span> <span class='ocrx_word' id='word_1_43' title='bbox 1176 716 1181 739; x_wconf 64' lang='lat' dir='ltr'>t</span> 
     </span>
     <span class='ocr_line' id='line_1_7' title="bbox 1 775 1094 858; baseline -0.004 -16"><span class='ocrx_word' id='word_1_44' title='bbox 1 823 2 842; x_wconf 33' lang='lat' dir='ltr'>i</span> <span class='ocrx_word' id='word_1_45' title='bbox 79 777 191 838; x_wconf 91' lang='lat' dir='ltr'>lolosos</span> <span class='ocrx_word' id='word_1_46' title='bbox 219 781 250 835; x_wconf 88' lang='lat' dir='ltr'>ct</span> <span class='ocrx_word' id='word_1_47' title='bbox 278 775 314 835; x_wconf 92' lang='lat' dir='ltr'>ad</span> <span class='ocrx_word' id='word_1_48' title='bbox 342 779 460 836; x_wconf 88' lang='lat' dir='ltr'>renium</span> <span class='ocrx_word' id='word_1_49' title='bbox 484 775 616 836; x_wconf 89' lang='lat' dir='ltr'>dolorem</span> <span class='ocrx_word' id='word_1_50' title='bbox 637 785 666 837; x_wconf 91' lang='lat' dir='ltr'>et</span> <span class='ocrx_word' id='word_1_51' title='bbox 686 777 721 836; x_wconf 92' lang='lat' dir='ltr'>ad</span> <span class='ocrx_word' id='word_1_52' title='bbox 740 777 922 838; x_wconf 88' lang='lat' dir='ltr'>inflationem</span> <span class='ocrx_word' id='word_1_53' title='bbox 941 779 1094 858; x_wconf 82' lang='lat' dir='ltr'>stomachi,</span> 
     </span>
     <span class='ocr_line' id='line_1_8' title="bbox 79 864 1094 946; baseline 0.002 -21"><span class='ocrx_word' id='word_1_54' title='bbox 79 865 286 945; x_wconf 90' lang='lat' dir='ltr'>phlegmaticis</span> <span class='ocrx_word' id='word_1_55' title='bbox 310 882 428 943; x_wconf 88' lang='lat' dir='ltr'>quoque</span> <span class='ocrx_word' id='word_1_56' title='bbox 451 864 574 942; x_wconf 90' lang='lat' dir='ltr'>prodest</span> <span class='ocrx_word' id='word_1_57' title='bbox 597 871 627 924; x_wconf 89' lang='lat' dir='ltr'>et</span> <span class='ocrx_word' id='word_1_58' title='bbox 646 865 756 946; x_wconf 89' lang='lat' dir='ltr'>colicis,</span> <span class='ocrx_word' id='word_1_59' title='bbox 780 866 831 926; x_wconf 88' lang='lat' dir='ltr'>sed</span> <span class='ocrx_word' id='word_1_60' title='bbox 852 876 881 926; x_wconf 90' lang='lat' dir='ltr'>et</span> <span class='ocrx_word' id='word_1_61' title='bbox 899 869 1044 927; x_wconf 79' lang='lat' dir='ltr'>tortiones</span> <span class='ocrx_word' id='word_1_62' title='bbox 1064 875 1094 928; x_wconf 89' lang='lat' dir='ltr'>ct</span> 
     </span>
     <span class='ocr_line' id='line_1_9' title="bbox 79 952 1094 1036; baseline 0.002 -22"><span class='ocrx_word' id='word_1_63' title='bbox 79 952 323 1014; x_wconf 83' lang='lat' dir='ltr'>haemorrhoidas</span> <span class='ocrx_word' id='word_1_64' title='bbox 347 961 432 1014; x_wconf 90' lang='lat' dir='ltr'>curat</span> <span class='ocrx_word' id='word_1_65' title='bbox 455 959 485 1012; x_wconf 86' lang='lat' dir='ltr'>et</span> <span class='ocrx_word' id='word_1_66' title='bbox 509 971 584 1031; x_wconf 89' lang='lat' dir='ltr'>quae</span> <span class='ocrx_word' id='word_1_67' title='bbox 607 956 638 1013; x_wconf 94' lang='lat' dir='ltr'>in</span> <span class='ocrx_word' id='word_1_68' title='bbox 662 973 718 1014; x_wconf 90' lang='lat' dir='ltr'>ano</span> <span class='ocrx_word' id='word_1_69' title='bbox 739 964 917 1036; x_wconf 77' lang='lat' dir='ltr'>nascuntur3</span> <span class='ocrx_word' id='word_1_70' title='bbox 940 958 1094 1034; x_wconf 86' lang='lat' dir='ltr'>restringit</span> 
     </span>
     <span class='ocr_line' id='line_1_10' title="bbox 80 1043 1093 1121; baseline 0.001 -18"><span class='ocrx_word' id='word_1_71' title='bbox 80 1051 111 1103; x_wconf 88' lang='lat' dir='ltr'>et</span> <span class='ocrx_word' id='word_1_72' title='bbox 138 1048 292 1102; x_wconf 87' lang='lat' dir='ltr'>menstrua</span> <span class='ocrx_word' id='word_1_73' title='bbox 320 1043 410 1101; x_wconf 92' lang='lat' dir='ltr'>nimia</span> <span class='ocrx_word' id='word_1_74' title='bbox 439 1049 469 1102; x_wconf 88' lang='lat' dir='ltr'>ct</span> <span class='ocrx_word' id='word_1_75' title='bbox 497 1043 628 1120; x_wconf 89' lang='lat' dir='ltr'>epaticos</span> <span class='ocrx_word' id='word_1_76' title='bbox 657 1053 686 1103; x_wconf 90' lang='lat' dir='ltr'>ct</span> <span class='ocrx_word' id='word_1_77' title='bbox 714 1043 885 1121; x_wconf 89' lang='lat' dir='ltr'>spienitioos</span> <span class='ocrx_word' id='word_1_78' title='bbox 911 1054 941 1104; x_wconf 90' lang='lat' dir='ltr'>et</span> <span class='ocrx_word' id='word_1_79' title='bbox 964 1047 1093 1105; x_wconf 86' lang='lat' dir='ltr'>tussioos</span> 
     </span>
     <span class='ocr_line' id='line_1_11' title="bbox 37 1130 1093 1210; baseline 0 -18"><span class='ocrx_word' id='word_1_80' title='bbox 37 1130 241 1192; x_wconf 81' lang='lat' dir='ltr'>1⁰solitancos</span> <span class='ocrx_word' id='word_1_81' title='bbox 268 1138 354 1190; x_wconf 88' lang='lat' dir='ltr'>curat</span> <span class='ocrx_word' id='word_1_82' title='bbox 376 1137 406 1190; x_wconf 90' lang='lat' dir='ltr'>ct</span> <span class='ocrx_word' id='word_1_83' title='bbox 433 1130 543 1190; x_wconf 89' lang='lat' dir='ltr'>cadivis</span> <span class='ocrx_word' id='word_1_84' title='bbox 571 1131 706 1210; x_wconf 85' lang='lat' dir='ltr'>prodest,</span> <span class='ocrx_word' id='word_1_85' title='bbox 734 1133 843 1210; x_wconf 89' lang='lat' dir='ltr'>accipit</span> <span class='ocrx_word' id='word_1_86' title='bbox 869 1133 956 1194; x_wconf 89' lang='lat' dir='ltr'>hacc:</span> <span class='ocrx_word' id='word_1_87' title='bbox 992 1131 1093 1193; x_wconf 92' lang='lat' dir='ltr'>lnulae</span> 
     </span>
     <span class='ocr_line' id='line_1_12' title="bbox 82 1217 1093 1300; baseline 0.003 -22"><span class='ocrx_word' id='word_1_88' title='bbox 82 1253 120 1264; x_wconf 90' lang='lat'>—</span> <span class='ocrx_word' id='word_1_89' title='bbox 141 1218 163 1300; x_wconf 89' lang='lat'>1,</span> <span class='ocrx_word' id='word_1_90' title='bbox 186 1218 308 1278; x_wconf 85' lang='lat' dir='ltr'>feniculi</span> <span class='ocrx_word' id='word_1_91' title='bbox 332 1221 454 1279; x_wconf 88' lang='lat' dir='ltr'>seminis</span> <span class='ocrx_word' id='word_1_92' title='bbox 477 1217 587 1298; x_wconf 84' lang='grc' dir='ltr'>-ΙΙΙ,</span> <span class='ocrx_word' id='word_1_93' title='bbox 610 1222 722 1298; x_wconf 87' lang='lat' dir='ltr'>piperis</span> <span class='ocrx_word' id='word_1_94' title='bbox 745 1222 824 1298; x_wconf 83' lang='lat' dir='ltr'>nigri</span> <span class='ocrx_word' id='word_1_95' title='bbox 846 1253 883 1263; x_wconf 88' lang='lat'><em>-</em></span> <span class='ocrx_word' id='word_1_96' title='bbox 900 1221 935 1282; x_wconf 95' lang='lat' dir='ltr'>ll.</span> <span class='ocrx_word' id='word_1_97' title='bbox 972 1220 1093 1281; x_wconf 87' lang='lat' dir='ltr'>Tundes</span> 
     </span>
     <span class='ocr_line' id='line_1_13' title="bbox 78 1307 1092 1388; baseline 0.002 -20"><span class='ocrx_word' id='word_1_98' title='bbox 78 1309 152 1368; x_wconf 91' lang='lat' dir='ltr'>baec</span> <span class='ocrx_word' id='word_1_99' title='bbox 171 1309 331 1386; x_wconf 89' lang='lat' dir='ltr'>separatim</span> <span class='ocrx_word' id='word_1_100' title='bbox 350 1316 380 1367; x_wconf 87' lang='lat' dir='ltr'>et</span> <span class='ocrx_word' id='word_1_101' title='bbox 398 1307 544 1368; x_wconf 89' lang='lat' dir='ltr'>cribrabis</span> <span class='ocrx_word' id='word_1_102' title='bbox 563 1307 638 1368; x_wconf 90' lang='lat' dir='ltr'>bene</span> <span class='ocrx_word' id='word_1_103' title='bbox 658 1317 688 1369; x_wconf 87' lang='lat' dir='ltr'>et</span> <span class='ocrx_word' id='word_1_104' title='bbox 707 1310 847 1369; x_wconf 91' lang='lat' dir='ltr'>conficies</span> <span class='ocrx_word' id='word_1_105' title='bbox 865 1308 912 1370; x_wconf 80' lang='lat' dir='ltr'>vel</span> <span class='ocrx_word' id='word_1_106' title='bbox 932 1313 1092 1388; x_wconf 89' lang='lat' dir='ltr'>permisce·</span> 
     </span>
     <span class='ocr_line' id='line_1_14' title="bbox 78 1395 1092 1478; baseline 0.002 -22"><span class='ocrx_word' id='word_1_107' title='bbox 78 1397 126 1456; x_wconf 92' lang='lat' dir='ltr'>bis</span> <span class='ocrx_word' id='word_1_108' title='bbox 153 1395 240 1456; x_wconf 90' lang='lat' dir='ltr'>melle</span> <span class='ocrx_word' id='word_1_109' title='bbox 269 1397 430 1456; x_wconf 90' lang='lat' dir='ltr'>semicocto</span> <span class='ocrx_word' id='word_1_110' title='bbox 456 1403 486 1456; x_wconf 89' lang='lat' dir='ltr'>et</span> <span class='ocrx_word' id='word_1_111' title='bbox 509 1395 592 1456; x_wconf 90' lang='lat' dir='ltr'>dabis</span> <span class='ocrx_word' id='word_1_112' title='bbox 616 1399 702 1458; x_wconf 89' lang='lat' dir='ltr'>nucis</span> <span class='ocrx_word' id='word_1_113' title='bbox 725 1397 866 1458; x_wconf 91' lang='lat' dir='ltr'>Ponticae</span> <span class='ocrx_word' id='word_1_114' title='bbox 889 1398 1092 1478; x_wconf 86' lang='lat' dir='ltr'>magnitudine</span> 
     </span>
     <span class='ocr_line' id='line_1_15' title="bbox 80 1484 1091 1567; baseline 0 -21"><span class='ocrx_word' id='word_1_115' title='bbox 80 1503 151 1546; x_wconf 90' lang='lat' dir='ltr'>cum</span> <span class='ocrx_word' id='word_1_116' title='bbox 174 1503 249 1562; x_wconf 90' lang='lat' dir='ltr'>aqua</span> <span class='ocrx_word' id='word_1_117' title='bbox 272 1484 378 1565; x_wconf 82' lang='lat' dir='ltr'>calida3</span> <span class='ocrx_word' id='word_1_118' title='bbox 403 1485 523 1562; x_wconf 88' lang='lat' dir='ltr'>quidam</span> <span class='ocrx_word' id='word_1_119' title='bbox 546 1485 603 1546; x_wconf 92' lang='lat' dir='ltr'>hoc</span> <span class='ocrx_word' id='word_1_120' title='bbox 626 1488 657 1546; x_wconf 91' lang='lat' dir='ltr'>in</span> <span class='ocrx_word' id='word_1_121' title='bbox 676 1486 803 1565; x_wconf 81' lang='lat' dir='ltr'>oxymeli</span> <span class='ocrx_word' id='word_1_122' title='bbox 822 1486 949 1567; x_wconf 79' lang='lat' dir='ltr'>solvunt,</span> <span class='ocrx_word' id='word_1_123' title='bbox 973 1486 1091 1565; x_wconf 88' lang='lat' dir='ltr'>quidam</span> 
     </span>
     <span class='ocr_line' id='line_1_16' title="bbox 37 1573 1091 1654; baseline 0.002 -22"><span class='ocrx_word' id='word_1_124' title='bbox 37 1586 64 1626; x_wconf 83' lang='lat'>1⁵</span> <span class='ocrx_word' id='word_1_125' title='bbox 80 1576 112 1633; x_wconf 91' lang='lat' dir='ltr'>in</span> <span class='ocrx_word' id='word_1_126' title='bbox 135 1574 204 1632; x_wconf 83' lang='lat' dir='ltr'>vino</span> <span class='ocrx_word' id='word_1_127' title='bbox 227 1575 319 1633; x_wconf 85' lang='lat' dir='ltr'>mixto</span> <span class='ocrx_word' id='word_1_128' title='bbox 343 1575 502 1654; x_wconf 83' lang='lat' dir='ltr'>accipiunt,</span> <span class='ocrx_word' id='word_1_129' title='bbox 525 1573 575 1633; x_wconf 92' lang='lat' dir='ltr'>alii</span> <span class='ocrx_word' id='word_1_130' title='bbox 596 1583 780 1635; x_wconf 90' lang='lat' dir='ltr'>consuerunt</span> <span class='ocrx_word' id='word_1_131' title='bbox 799 1575 937 1635; x_wconf 91' lang='lat' dir='ltr'>cocliario</span> <span class='ocrx_word' id='word_1_132' title='bbox 957 1577 1091 1652; x_wconf 88' lang='lat' dir='ltr'>accipere</span> 
     </span>
     <span class='ocr_line' id='line_1_17' title="bbox 79 1661 1027 1745; baseline 0 -23"><span class='ocrx_word' id='word_1_133' title='bbox 79 1679 189 1745; x_wconf 93' lang='lat' dir='ltr'>purum</span> <span class='ocrx_word' id='word_1_134' title='bbox 213 1661 249 1720; x_wconf 92' lang='lat' dir='ltr'>ad</span> <span class='ocrx_word' id='word_1_135' title='bbox 272 1661 385 1740; x_wconf 90' lang='lat' dir='ltr'>lapides</span> <span class='ocrx_word' id='word_1_136' title='bbox 409 1661 568 1723; x_wconf 83' lang='lat' dir='ltr'>eiciendos.</span> <span class='ocrx_word' id='word_1_137' title='bbox 1025 1729 1027 1733; x_wconf 57' lang='grc'>,</span> 
     </span>
    </p>

    <p class='ocr_par' dir='ltr' id='par_1_3' title="bbox 80 1749 1146 2008">
     <span class='ocr_line' id='line_1_18' title="bbox 169 1749 1146 1829; baseline 0.005 -20"><span class='ocrx_word' id='word_1_138' title='bbox 169 1749 335 1829; x_wconf 85' lang='lat' dir='ltr'>Descriptio</span> <span class='ocrx_word' id='word_1_139' title='bbox 364 1753 455 1829; x_wconf 90' lang='lat' dir='ltr'>panni</span> <span class='ocrx_word' id='word_1_140' title='bbox 482 1753 588 1812; x_wconf 91' lang='lat' dir='ltr'>rustici</span> <span class='ocrx_word' id='word_1_141' title='bbox 616 1751 750 1812; x_wconf 86' lang='lat' dir='ltr'>facientis</span> <span class='ocrx_word' id='word_1_142' title='bbox 774 1752 809 1812; x_wconf 91' lang='lat' dir='ltr'>ad</span> <span class='ocrx_word' id='word_1_143' title='bbox 834 1753 982 1812; x_wconf 88' lang='lat' dir='ltr'>viscerum</span> <span class='ocrx_word' id='word_1_144' title='bbox 1006 1769 1091 1812; x_wconf 90' lang='lat' dir='ltr'>cura·</span> <span class='ocrx_word' id='word_1_145' title='bbox 1111 1767 1146 1816; x_wconf 80' lang='grc'>94</span> 
     </span>
     <span class='ocr_line' id='line_1_19' title="bbox 80 1838 1092 1923; baseline 0.001 -24"><span class='ocrx_word' id='word_1_146' title='bbox 80 1841 193 1900; x_wconf 91' lang='lat' dir='ltr'>tionem</span> <span class='ocrx_word' id='word_1_147' title='bbox 217 1840 273 1898; x_wconf 91' lang='lat' dir='ltr'>sic:</span> <span class='ocrx_word' id='word_1_148' title='bbox 296 1838 370 1903; x_wconf 85' lang='lat' dir='ltr'>¹Olei</span> <span class='ocrx_word' id='word_1_149' title='bbox 392 1839 423 1899; x_wconf 90' lang='lat' dir='ltr'>P.</span> <span class='ocrx_word' id='word_1_150' title='bbox 443 1839 469 1917; x_wconf 92' lang='lat' dir='ltr'>l,</span> <span class='ocrx_word' id='word_1_151' title='bbox 497 1841 640 1918; x_wconf 84' lang='lat' dir='ltr'>axungiae</span> <span class='ocrx_word' id='word_1_152' title='bbox 664 1843 774 1900; x_wconf 91' lang='lat' dir='ltr'>veteris</span> <span class='ocrx_word' id='word_1_153' title='bbox 797 1840 828 1902; x_wconf 88' lang='lat' dir='ltr'>P.</span> <span class='ocrx_word' id='word_1_154' title='bbox 847 1841 873 1923; x_wconf 89' lang='lat'>1,</span> <span class='ocrx_word' id='word_1_155' title='bbox 901 1839 1002 1920; x_wconf 78' lang='lat' dir='ltr'>butyri</span> <span class='ocrx_word' id='word_1_156' title='bbox 1019 1839 1050 1900; x_wconf 94' lang='lat' dir='ltr'>P.</span> <span class='ocrx_word' id='word_1_157' title='bbox 1070 1841 1092 1921; x_wconf 86' lang='lat' dir='ltr'>l,</span> 
     </span>
     <span class='ocr_line' id='line_1_20' title="bbox 80 1925 1092 2008; baseline 0.003 -22"><span class='ocrx_word' id='word_1_158' title='bbox 80 1926 190 1988; x_wconf 89' lang='lat' dir='ltr'>herbae</span> <span class='ocrx_word' id='word_1_159' title='bbox 215 1925 341 1987; x_wconf 90' lang='lat' dir='ltr'>Sabinae</span> <span class='ocrx_word' id='word_1_160' title='bbox 360 1927 390 1987; x_wconf 88' lang='lat' dir='ltr'>P.</span> <span class='ocrx_word' id='word_1_161' title='bbox 409 1927 431 2008; x_wconf 84' lang='lat' dir='ltr'>l,</span> <span class='ocrx_word' id='word_1_162' title='bbox 455 1927 563 1988; x_wconf 89' lang='lat' dir='ltr'>barbae</span> <span class='ocrx_word' id='word_1_163' title='bbox 586 1927 663 1988; x_wconf 88' lang='lat' dir='ltr'>lovis</span> <span class='ocrx_word' id='word_1_164' title='bbox 682 1928 712 1989; x_wconf 89' lang='lat' dir='ltr'>P.</span> <span class='ocrx_word' id='word_1_165' title='bbox 731 1928 744 1987; x_wconf 97' lang='lat' dir='ltr'>l</span> <span class='ocrx_word' id='word_1_166' title='bbox 791 1928 862 1989; x_wconf 85' lang='lat' dir='ltr'>Tam</span> <span class='ocrx_word' id='word_1_167' title='bbox 882 1929 933 1989; x_wconf 94' lang='lat' dir='ltr'>diu</span> <span class='ocrx_word' id='word_1_168' title='bbox 952 1929 1024 1990; x_wconf 88' lang='lat' dir='ltr'>haee</span> <span class='ocrx_word' id='word_1_169' title='bbox 1043 1929 1092 1989; x_wconf 88' lang='lat' dir='ltr'>de-</span> 
     </span>
    </p>

    <p class='ocr_par' dir='ltr' id='par_1_4' title="bbox 40 2015 1092 2539">
     <span class='ocr_line' id='line_1_21' title="bbox 40 2015 1092 2096; baseline 0.005 -24"><span class='ocrx_word' id='word_1_170' title='bbox 40 2029 67 2070; x_wconf 76' lang='lat' dir='ltr'>ro</span> <span class='ocrx_word' id='word_1_171' title='bbox 81 2033 206 2094; x_wconf 82' lang='lat' dir='ltr'>coques,</span> <span class='ocrx_word' id='word_1_172' title='bbox 229 2016 371 2094; x_wconf 89' lang='lat' dir='ltr'>quamdiu</span> <span class='ocrx_word' id='word_1_173' title='bbox 393 2015 502 2076; x_wconf 90' lang='lat' dir='ltr'>herbae</span> <span class='ocrx_word' id='word_1_174' title='bbox 526 2026 674 2096; x_wconf 85' lang='lat' dir='ltr'>arescant,</span> <span class='ocrx_word' id='word_1_175' title='bbox 702 2025 804 2096; x_wconf 90' lang='lat' dir='ltr'>postea</span> <span class='ocrx_word' id='word_1_176' title='bbox 828 2017 963 2078; x_wconf 86' lang='lat' dir='ltr'>colantur</span> <span class='ocrx_word' id='word_1_177' title='bbox 991 2026 1021 2078; x_wconf 89' lang='lat' dir='ltr'>et</span> <span class='ocrx_word' id='word_1_178' title='bbox 1044 2019 1092 2077; x_wconf 92' lang='lat' dir='ltr'>ad·</span> 
     </span>
     <span class='ocr_line' id='line_1_22' title="bbox 81 2103 1091 2186; baseline 0 -22"><span class='ocrx_word' id='word_1_179' title='bbox 81 2105 162 2165; x_wconf 91' lang='lat' dir='ltr'>ditur</span> <span class='ocrx_word' id='word_1_180' title='bbox 185 2123 271 2164; x_wconf 90' lang='lat' dir='ltr'>cerae</span> <span class='ocrx_word' id='word_1_181' title='bbox 290 2103 373 2184; x_wconf 87' lang='lat' dir='ltr'>libra,</span> <span class='ocrx_word' id='word_1_182' title='bbox 397 2107 513 2165; x_wconf 90' lang='lat' dir='ltr'>resinae</span> <span class='ocrx_word' id='word_1_183' title='bbox 531 2105 562 2166; x_wconf 89' lang='lat' dir='ltr'>P.</span> <span class='ocrx_word' id='word_1_184' title='bbox 582 2105 603 2186; x_wconf 87' lang='lat' dir='ltr'>l,</span> <span class='ocrx_word' id='word_1_185' title='bbox 627 2106 738 2166; x_wconf 90' lang='lat' dir='ltr'>farinae</span> <span class='ocrx_word' id='word_1_186' title='bbox 762 2107 798 2166; x_wconf 92' lang='lat' dir='ltr'>de</span> <span class='ocrx_word' id='word_1_187' title='bbox 817 2106 916 2185; x_wconf 89' lang='lat' dir='ltr'>puleio</span> <span class='ocrx_word' id='word_1_188' title='bbox 935 2106 966 2166; x_wconf 90' lang='lat' dir='ltr'>P.</span> <span class='ocrx_word' id='word_1_189' title='bbox 986 2106 1007 2185; x_wconf 88' lang='lat' dir='ltr'>l,</span> <span class='ocrx_word' id='word_1_190' title='bbox 1027 2105 1091 2184; x_wconf 90' lang='lat' dir='ltr'>pul·</span> 
     </span>
     <span class='ocr_line' id='line_1_23' title="bbox 79 2193 1091 2274; baseline -0.001 -21"><span class='ocrx_word' id='word_1_191' title='bbox 79 2195 159 2254; x_wconf 79' lang='lat' dir='ltr'>veris</span> <span class='ocrx_word' id='word_1_192' title='bbox 187 2193 223 2253; x_wconf 92' lang='lat' dir='ltr'>de</span> <span class='ocrx_word' id='word_1_193' title='bbox 251 2193 324 2253; x_wconf 90' lang='lat' dir='ltr'>baca</span> <span class='ocrx_word' id='word_1_194' title='bbox 351 2193 428 2253; x_wconf 94' lang='lat' dir='ltr'>lauri</span> <span class='ocrx_word' id='word_1_195' title='bbox 450 2193 481 2254; x_wconf 91' lang='lat' dir='ltr'>P.</span> <span class='ocrx_word' id='word_1_196' title='bbox 500 2193 526 2274; x_wconf 89' lang='lat'>1,</span> <span class='ocrx_word' id='word_1_197' title='bbox 554 2194 590 2254; x_wconf 92' lang='lat' dir='ltr'>de</span> <span class='ocrx_word' id='word_1_198' title='bbox 618 2195 687 2254; x_wconf 89' lang='lat' dir='ltr'>fimo</span> <span class='ocrx_word' id='word_1_199' title='bbox 716 2195 802 2255; x_wconf 90' lang='lat' dir='ltr'>ovillo</span> <span class='ocrx_word' id='word_1_200' title='bbox 830 2194 909 2255; x_wconf 91' lang='lat' dir='ltr'>unde</span> <span class='ocrx_word' id='word_1_201' title='bbox 933 2193 1037 2253; x_wconf 90' lang='lat' dir='ltr'>ovibus</span> <span class='ocrx_word' id='word_1_202' title='bbox 1060 2195 1091 2252; x_wconf 90' lang='lat' dir='ltr'>in</span> 
     </span>
     <span class='ocr_line' id='line_1_24' title="bbox 79 2281 1092 2361; baseline 0 -19"><span class='ocrx_word' id='word_1_203' title='bbox 79 2281 147 2342; x_wconf 92' lang='lat' dir='ltr'>lana</span> <span class='ocrx_word' id='word_1_204' title='bbox 169 2281 300 2342; x_wconf 90' lang='lat' dir='ltr'>haeserit</span> <span class='ocrx_word' id='word_1_205' title='bbox 318 2281 348 2342; x_wconf 93' lang='lat' dir='ltr'>P.</span> <span class='ocrx_word' id='word_1_206' title='bbox 368 2282 388 2342; x_wconf 93' lang='lat' dir='ltr'>l.</span> <span class='ocrx_word' id='word_1_207' title='bbox 430 2281 509 2342; x_wconf 91' lang='lat' dir='ltr'>Haec</span> <span class='ocrx_word' id='word_1_208' title='bbox 533 2285 630 2344; x_wconf 91' lang='lat' dir='ltr'>onmia</span> <span class='ocrx_word' id='word_1_209' title='bbox 653 2285 685 2342; x_wconf 92' lang='lat' dir='ltr'>in</span> <span class='ocrx_word' id='word_1_210' title='bbox 708 2301 802 2344; x_wconf 75' lang='lat' dir='ltr'>uniam</span> <span class='ocrx_word' id='word_1_211' title='bbox 825 2301 934 2361; x_wconf 92' lang='lat' dir='ltr'>corpus</span> <span class='ocrx_word' id='word_1_212' title='bbox 953 2282 1092 2361; x_wconf 85' lang='lat' dir='ltr'>redigun-</span> 
     </span>
     <span class='ocr_line' id='line_1_25' title="bbox 80 2371 1091 2450; baseline 0 -20"><span class='ocrx_word' id='word_1_213' title='bbox 80 2377 132 2430; x_wconf 92' lang='lat' dir='ltr'>tur</span> <span class='ocrx_word' id='word_1_214' title='bbox 155 2377 185 2430; x_wconf 89' lang='lat' dir='ltr'>ct</span> <span class='ocrx_word' id='word_1_215' title='bbox 207 2371 427 2448; x_wconf 86' lang='lat' dir='ltr'>permiscentur</span> <span class='ocrx_word' id='word_1_216' title='bbox 450 2379 481 2431; x_wconf 87' lang='lat' dir='ltr'>et</span> <span class='ocrx_word' id='word_1_217' title='bbox 502 2371 571 2432; x_wconf 90' lang='lat' dir='ltr'>inde</span> <span class='ocrx_word' id='word_1_218' title='bbox 594 2389 711 2450; x_wconf 90' lang='lat' dir='ltr'>pannus</span> <span class='ocrx_word' id='word_1_219' title='bbox 731 2373 885 2432; x_wconf 90' lang='lat' dir='ltr'>inducitur</span> <span class='ocrx_word' id='word_1_220' title='bbox 904 2379 934 2431; x_wconf 89' lang='lat' dir='ltr'>et</span> <span class='ocrx_word' id='word_1_221' title='bbox 954 2373 1091 2450; x_wconf 88' lang='lat' dir='ltr'>quotiens</span> 
     </span>
     <span class='ocr_line' id='line_1_26' title="bbox 40 2457 755 2539; baseline 0.011 -27"><span class='ocrx_word' id='word_1_222' title='bbox 40 2473 65 2514; x_wconf 81' lang='lat' dir='ltr'>ns</span> <span class='ocrx_word' id='word_1_223' title='bbox 80 2457 209 2518; x_wconf 87' lang='lat' dir='ltr'>volucris</span> <span class='ocrx_word' id='word_1_224' title='bbox 233 2465 388 2537; x_wconf 88' lang='lat' dir='ltr'>reparatus</span> <span class='ocrx_word' id='word_1_225' title='bbox 412 2459 563 2520; x_wconf 89' lang='lat' dir='ltr'>stomacho</span> <span class='ocrx_word' id='word_1_226' title='bbox 587 2461 755 2539; x_wconf 89' lang='lat' dir='ltr'>adponitur.</span> 
     </span>
    </p>

    <p class='ocr_par' dir='ltr' id='par_1_5' title="bbox 78 2545 1144 2896">
     <span class='ocr_line' id='line_1_27' title="bbox 169 2545 1144 2628; baseline 0.002 -22"><span class='ocrx_word' id='word_1_227' title='bbox 169 2545 222 2606; x_wconf 89' lang='lat' dir='ltr'>Dia</span> <span class='ocrx_word' id='word_1_228' title='bbox 245 2554 390 2628; x_wconf 84' lang='lat' dir='ltr'>tessaron‚</span> <span class='ocrx_word' id='word_1_229' title='bbox 414 2548 492 2627; x_wconf 89' lang='lat' dir='ltr'>quod</span> <span class='ocrx_word' id='word_1_230' title='bbox 514 2548 628 2608; x_wconf 80' lang='lat' dir='ltr'>febrem</span> <span class='ocrx_word' id='word_1_231' title='bbox 648 2549 731 2609; x_wconf 89' lang='lat' dir='ltr'>sedat</span> <span class='ocrx_word' id='word_1_232' title='bbox 750 2556 780 2610; x_wconf 90' lang='lat' dir='ltr'>et</span> <span class='ocrx_word' id='word_1_233' title='bbox 798 2550 911 2609; x_wconf 89' lang='lat' dir='ltr'>viscera</span> <span class='ocrx_word' id='word_1_234' title='bbox 931 2550 1091 2628; x_wconf 85' lang='lat' dir='ltr'>componit,</span> <span class='ocrx_word' id='word_1_235' title='bbox 1110 2558 1144 2609; x_wconf 81' lang='lat'>95</span> 
     </span>
     <span class='ocr_line' id='line_1_28' title="bbox 79 2635 1091 2718; baseline 0.002 -24"><span class='ocrx_word' id='word_1_236' title='bbox 79 2637 188 2713; x_wconf 90' lang='lat' dir='ltr'>accipit</span> <span class='ocrx_word' id='word_1_237' title='bbox 210 2635 296 2697; x_wconf 91' lang='lat' dir='ltr'>haec:</span> <span class='ocrx_word' id='word_1_238' title='bbox 321 2635 386 2698; x_wconf 89' lang='lat' dir='ltr'>Olei</span> <span class='ocrx_word' id='word_1_239' title='bbox 404 2637 547 2698; x_wconf 88' lang='lat' dir='ltr'>coclearia</span> <span class='ocrx_word' id='word_1_240' title='bbox 567 2639 633 2718; x_wconf 87' lang='lat' dir='ltr'>tria,</span> <span class='ocrx_word' id='word_1_241' title='bbox 652 2639 729 2698; x_wconf 91' lang='lat' dir='ltr'>aceti</span> <span class='ocrx_word' id='word_1_242' title='bbox 748 2637 892 2697; x_wconf 90' lang='lat' dir='ltr'>coclearia</span> <span class='ocrx_word' id='word_1_243' title='bbox 910 2639 976 2718; x_wconf 85' lang='lat' dir='ltr'>tria,</span> <span class='ocrx_word' id='word_1_244' title='bbox 994 2637 1091 2697; x_wconf 90' lang='lat' dir='ltr'>mellis</span> 
     </span>
     <span class='ocr_line' id='line_1_29' title="bbox 79 2721 1091 2806; baseline 0.002 -24"><span class='ocrx_word' id='word_1_245' title='bbox 79 2721 151 2783; x_wconf 92' lang='lat' dir='ltr'>boni</span> <span class='ocrx_word' id='word_1_246' title='bbox 174 2723 342 2802; x_wconf 90' lang='lat' dir='ltr'>despumati</span> <span class='ocrx_word' id='word_1_247' title='bbox 365 2725 509 2786; x_wconf 90' lang='lat' dir='ltr'>coclearia</span> <span class='ocrx_word' id='word_1_248' title='bbox 532 2729 602 2806; x_wconf 86' lang='lat' dir='ltr'>tria,</span> <span class='ocrx_word' id='word_1_249' title='bbox 630 2728 691 2786; x_wconf 89' lang='lat' dir='ltr'>vini</span> <span class='ocrx_word' id='word_1_250' title='bbox 717 2728 828 2786; x_wconf 87' lang='lat' dir='ltr'>veteris</span> <span class='ocrx_word' id='word_1_251' title='bbox 853 2725 924 2786; x_wconf 87' lang='lat' dir='ltr'>boni</span> <span class='ocrx_word' id='word_1_252' title='bbox 947 2726 1091 2787; x_wconf 89' lang='lat' dir='ltr'>coclearia</span> 
     </span>
     <span class='ocr_line' id='line_1_30' title="bbox 78 2811 1091 2896; baseline 0.003 -26"><span class='ocrx_word' id='word_1_253' title='bbox 78 2813 150 2892; x_wconf 88' lang='lat' dir='ltr'>tria;</span> <span class='ocrx_word' id='word_1_254' title='bbox 177 2811 250 2873; x_wconf 92' lang='lat' dir='ltr'>haec</span> <span class='ocrx_word' id='word_1_255' title='bbox 274 2821 335 2874; x_wconf 93' lang='lat' dir='ltr'>tam</span> <span class='ocrx_word' id='word_1_256' title='bbox 361 2815 411 2875; x_wconf 91' lang='lat' dir='ltr'>diu</span> <span class='ocrx_word' id='word_1_257' title='bbox 435 2815 658 2896; x_wconf 87' lang='lat' dir='ltr'>decoquuntur,</span> <span class='ocrx_word' id='word_1_258' title='bbox 687 2815 827 2894; x_wconf 91' lang='lat' dir='ltr'>quamdiu</span> <span class='ocrx_word' id='word_1_259' title='bbox 852 2817 949 2875; x_wconf 91' lang='lat' dir='ltr'>omnia</span> <span class='ocrx_word' id='word_1_260' title='bbox 974 2814 1010 2874; x_wconf 91' lang='lat' dir='ltr'>ad</span> <span class='ocrx_word' id='word_1_261' title='bbox 1034 2815 1091 2874; x_wconf 88' lang='lat' dir='ltr'>tria</span> 
     </span>
    </p>

    <p class='ocr_par' dir='ltr' id='par_1_6' title="bbox 38 2901 1091 2983">
     <span class='ocr_line' id='line_1_31' title="bbox 38 2901 1091 2983; baseline 0.006 -27"><span class='ocrx_word' id='word_1_262' title='bbox 38 2915 65 2956; x_wconf 86' lang='lat' dir='ltr'>so</span> <span class='ocrx_word' id='word_1_263' title='bbox 80 2901 225 2962; x_wconf 90' lang='lat' dir='ltr'>coclearia</span> <span class='ocrx_word' id='word_1_264' title='bbox 247 2902 430 2983; x_wconf 88' lang='lat' dir='ltr'>redigantur,</span> <span class='ocrx_word' id='word_1_265' title='bbox 454 2911 484 2964; x_wconf 88' lang='lat' dir='ltr'>et</span> <span class='ocrx_word' id='word_1_266' title='bbox 505 2907 546 2965; x_wconf 91' lang='lat' dir='ltr'>ita</span> <span class='ocrx_word' id='word_1_267' title='bbox 564 2905 655 2965; x_wconf 87' lang='lat' dir='ltr'>linteo</span> <span class='ocrx_word' id='word_1_268' title='bbox 675 2903 796 2964; x_wconf 88' lang='lat' dir='ltr'>inducta</span> <span class='ocrx_word' id='word_1_269' title='bbox 817 2903 969 2964; x_wconf 91' lang='lat' dir='ltr'>stomacho</span> <span class='ocrx_word' id='word_1_270' title='bbox 988 2920 1091 2981; x_wconf 90' lang='lat' dir='ltr'>super·</span> 
     </span>
    </p>
   </div>
   <div class='ocr_carea' id='block_1_3' title="bbox 0 2249 3 2841">
    <p class='ocr_par' dir='ltr' id='par_1_7' title="bbox 0 2249 3 2841">
     <span class='ocr_line' id='line_1_32' title="bbox 0 2249 3 2841; baseline 0 0"><span class='ocrx_word' id='word_1_271' title='bbox 0 2249 3 2841; x_wconf 95' lang='lat' dir='ltr'> </span> 
     </span>
    </p>
   </div>
   <div class='ocr_carea' id='block_1_4' title="bbox 1 3107 1092 3590">
    <p class='ocr_par' dir='ltr' id='par_1_8' title="bbox 169 3107 1091 3179">
     <span class='ocr_line' id='line_1_33' title="bbox 169 3107 1091 3179; baseline 0 -18"><span class='ocrx_word' id='word_1_272' title='bbox 169 3113 186 3160; x_wconf 82' lang='lat'>4</span> <span class='ocrx_word' id='word_1_273' title='bbox 205 3108 357 3163; x_wconf 80' lang='lat' dir='ltr'>acharistu.</span> <span class='ocrx_word' id='word_1_274' title='bbox 469 3113 532 3178; x_wconf 81' lang='lat' dir='ltr'>post</span> <span class='ocrx_word' id='word_1_275' title='bbox 551 3109 709 3179; x_wconf 79' lang='lat' dir='ltr'>appellabar</span> <span class='ocrx_word' id='word_1_276' title='bbox 726 3111 790 3166; x_wconf 86' lang='lat' dir='ltr'>add.</span> <span class='ocrx_word' id='word_1_277' title='bbox 809 3110 839 3164; x_wconf 89' lang='lat' dir='ltr'>id</span> <span class='ocrx_word' id='word_1_278' title='bbox 859 3111 904 3163; x_wconf 77' lang='lat' dir='ltr'>aab</span> <span class='ocrx_word' id='word_1_279' title='bbox 922 3107 982 3162; x_wconf 88' lang='lat' dir='ltr'>sine</span> <span class='ocrx_word' id='word_1_280' title='bbox 1000 3108 1091 3177; x_wconf 79' lang='lat' dir='ltr'>gratia</span> 
     </span>
    </p>

    <p class='ocr_par' dir='ltr' id='par_1_9' title="bbox 1 3176 1090 3262">
     <span class='ocr_line' id='line_1_34' title="bbox 1 3176 1090 3262; baseline -0.002 -28"><span class='ocrx_word' id='word_1_281' title='bbox 1 3195 2 3262; x_wconf 66' lang='lat' dir='ltr'>p</span> <span class='ocrx_word' id='word_1_282' title='bbox 79 3177 240 3234; x_wconf 69' lang='lat' dir='ltr'>(fornacius.</span> <span class='ocrx_word' id='word_1_283' title='bbox 314 3177 505 3235; x_wconf 79' lang='lat' dir='ltr'>bolimabion.</span> <span class='ocrx_word' id='word_1_284' title='bbox 570 3179 811 3250; x_wconf 72' lang='lat' dir='ltr'>tphleumabicis.</span> <span class='ocrx_word' id='word_1_285' title='bbox 875 3176 1090 3233; x_wconf 79' lang='lat' dir='ltr'>Samorroidas.</span> 
     </span>
    </p>

    <p class='ocr_par' dir='ltr' id='par_1_10' title="bbox 1 3248 1090 3318">
     <span class='ocr_line' id='line_1_35' title="bbox 1 3248 1090 3318; baseline -0.001 -15"><span class='ocrx_word' id='word_1_286' title='bbox 1 3273 2 3318; x_wconf 64' lang='lat' dir='ltr'>p</span> <span class='ocrx_word' id='word_1_287' title='bbox 79 3253 112 3303; x_wconf 90' lang='lat'>11</span> <span class='ocrx_word' id='word_1_288' title='bbox 136 3248 292 3306; x_wconf 76' lang='lat' dir='ltr'>fusuinulis.</span> <span class='ocrx_word' id='word_1_289' title='bbox 394 3256 428 3306; x_wconf 83' lang='lat'>14</span> <span class='ocrx_word' id='word_1_290' title='bbox 453 3250 575 3307; x_wconf 86' lang='lat' dir='ltr'>oximeh&#39;.</span> <span class='ocrx_word' id='word_1_291' title='bbox 676 3257 709 3306; x_wconf 85' lang='grc'>19</span> <span class='ocrx_word' id='word_1_292' title='bbox 731 3252 830 3306; x_wconf 80' lang='lat' dir='ltr'>barba.</span> <span class='ocrx_word' id='word_1_293' title='bbox 927 3254 960 3304; x_wconf 76' lang='lat'>21</span> <span class='ocrx_word' id='word_1_294' title='bbox 988 3249 1090 3318; x_wconf 83' lang='lat' dir='ltr'>pulvis.</span> 
     </span>
    </p>

    <p class='ocr_par' dir='ltr' id='par_1_11' title="bbox 78 3319 1091 3398">
     <span class='ocr_line' id='line_1_36' title="bbox 78 3319 1091 3398; baseline -0.003 -24"><span class='ocrx_word' id='word_1_295' title='bbox 78 3325 113 3374; x_wconf 79' lang='lat'>22</span> <span class='ocrx_word' id='word_1_296' title='bbox 141 3320 229 3376; x_wconf 82' lang='lat' dir='ltr'>ovilli.</span> <span class='ocrx_word' id='word_1_297' title='bbox 350 3327 385 3377; x_wconf 80' lang='lat'>28</span> <span class='ocrx_word' id='word_1_298' title='bbox 409 3328 473 3392; x_wconf 81' lang='lat' dir='ltr'>post</span> <span class='ocrx_word' id='word_1_299' title='bbox 499 3322 603 3376; x_wconf 76' lang='lat' dir='ltr'>veteris</span> <span class='ocrx_word' id='word_1_300' title='bbox 629 3325 739 3393; x_wconf 76' lang='lat' dir='ltr'>repetit:</span> <span class='ocrx_word' id='word_1_301' title='bbox 775 3322 830 3375; x_wconf 87' lang='lat' dir='ltr'>Dia</span> <span class='ocrx_word' id='word_1_302' title='bbox 856 3323 984 3376; x_wconf 77' lang='lat' dir='ltr'>lassaron</span> <span class='ocrx_word' id='word_1_303' title='bbox 1015 3319 1091 3398; x_wconf 80' lang='lat' dir='ltr'>quod</span> 
     </span>
    </p>

    <p class='ocr_par' dir='ltr' id='par_1_12' title="bbox 77 3387 1092 3462">
     <span class='ocr_line' id='line_1_37' title="bbox 77 3387 1092 3462; baseline -0.001 -18"><span class='ocrx_word' id='word_1_304' title='bbox 77 3390 185 3446; x_wconf 88' lang='lat' dir='ltr'>febrem</span> <span class='ocrx_word' id='word_1_305' title='bbox 210 3393 291 3447; x_wconf 75' lang='lat' dir='ltr'>sedat</span> <span class='ocrx_word' id='word_1_306' title='bbox 314 3394 343 3447; x_wconf 80' lang='lat' dir='ltr'>eb</span> <span class='ocrx_word' id='word_1_307' title='bbox 365 3393 474 3448; x_wconf 79' lang='lat' dir='ltr'>viscera</span> <span class='ocrx_word' id='word_1_308' title='bbox 496 3393 640 3462; x_wconf 81' lang='lat' dir='ltr'>componit</span> <span class='ocrx_word' id='word_1_309' title='bbox 663 3391 768 3461; x_wconf 83' lang='lat' dir='ltr'>accipit</span> <span class='ocrx_word' id='word_1_310' title='bbox 791 3394 860 3446; x_wconf 87' lang='lat' dir='ltr'>haec</span> <span class='ocrx_word' id='word_1_311' title='bbox 884 3389 939 3444; x_wconf 91' lang='lat' dir='ltr'>olei</span> <span class='ocrx_word' id='word_1_312' title='bbox 958 3387 1092 3443; x_wconf 79' lang='lat' dir='ltr'>coeliano</span> 
     </span>
    </p>

    <p class='ocr_par' dir='ltr' id='par_1_13' title="bbox 1 3458 1091 3590">
     <span class='ocr_line' id='line_1_38' title="bbox 1 3458 1091 3587; baseline -0.004 -71"><span class='ocrx_word' id='word_1_313' title='bbox 1 3463 2 3476; x_wconf 63' lang='lat'>¹</span> <span class='ocrx_word' id='word_1_314' title='bbox 77 3461 139 3587; x_wconf 65' lang='lat' dir='ltr'>taisel</span> <span class='ocrx_word' id='word_1_315' title='bbox 162 3462 254 3517; x_wconf 82' lang='lat' dir='ltr'>mellis</span> <span class='ocrx_word' id='word_1_316' title='bbox 282 3463 350 3518; x_wconf 89' lang='lat' dir='ltr'>boni</span> <span class='ocrx_word' id='word_1_317' title='bbox 377 3465 536 3534; x_wconf 79' lang='lat' dir='ltr'>despumati</span> <span class='ocrx_word' id='word_1_318' title='bbox 564 3463 697 3518; x_wconf 81' lang='lat' dir='ltr'>cocliaria</span> <span class='ocrx_word' id='word_1_319' title='bbox 723 3461 780 3516; x_wconf 78' lang='lat' dir='ltr'>tria</span> <span class='ocrx_word' id='word_1_320' title='bbox 806 3462 866 3517; x_wconf 84' lang='lat' dir='ltr'>vini</span> <span class='ocrx_word' id='word_1_321' title='bbox 892 3458 996 3516; x_wconf 80' lang='lat' dir='ltr'>veteris</span> <span class='ocrx_word' id='word_1_322' title='bbox 1024 3459 1091 3513; x_wconf 88' lang='lat' dir='ltr'>boni</span> 
     </span>
     <span class='ocr_line' id='line_1_39' title="bbox 78 3533 297 3590; baseline 0.014 -4"><span class='ocrx_word' id='word_1_323' title='bbox 78 3549 128 3588; x_wconf 90' lang='lat' dir='ltr'>coc</span> <span class='ocrx_word' id='word_1_324' title='bbox 140 3533 216 3588; x_wconf 83' lang='lat' dir='ltr'>saria</span> <span class='ocrx_word' id='word_1_325' title='bbox 233 3533 297 3590; x_wconf 80' lang='lat' dir='ltr'>trio.</span> 
     </span>
    </p>
   </div>
   <div class='ocr_carea' id='block_1_5' title="bbox 0 0 1274 3802">
    <p class='ocr_par' dir='ltr' id='par_1_14' title="bbox 0 0 1274 3802">
     <span class='ocr_line' id='line_1_40' title="bbox 0 0 1274 3802; baseline 0 2"><span class='ocrx_word' id='word_1_326' title='bbox 0 0 1274 3802; x_wconf 95' lang='lat' dir='ltr'> </span> 
     </span>
    </p>
   </div>
  </div>
 </body>
</html>
