2518 3806
527 101 770 164 —378—

142 261 304 340 saliuncae,
333 263 447 339 cyperi,
471 261 663 341 cardamomi,
688 260 870 338 singularum
894 281 996 322 rerum
1019 263 1159 349 selibrae,

142 348 271 410 euforbii
293 381 337 390 —
355 348 417 429 llll,
441 349 562 409 adarces
585 349 616 409 P.
635 349 657 429 l,
681 352 796 409 resinae
820 349 851 410 P.
869 349 918 429 lll,
942 369 1027 412 cerae
1052 352 1159 416 Ponti-

143 455 195 498 cae
218 436 249 498 P.
268 436 302 497 ll.
344 436 406 497 Hoc
429 445 564 498 cerotum
587 439 662 498 mire
685 437 845 516 podagram
868 437 949 500 lenit.

87 539 123 588 68
231 523 414 586 Vermiculos
442 533 602 586 terrestres
630 529 661 586 in
689 535 773 586 aceto
801 544 855 604 per
881 535 1000 588 noctem
1030 546 1158 592 manere

142 613 274 689 curabis,
299 621 331 674 ut
354 632 386 672 se
410 616 489 674 omni
513 613 600 674 sorde
623 621 765 694 purgent,
788 632 873 674 mane
897 632 949 675 eos
972 616 1101 677 siccabis
1127 627 1181 680 ets

143 721 179 762 ex
205 703 253 763 bis
287 734 324 744 —
355 701 395 760 tx
426 703 457 761 in
490 700 595 762 libram
623 704 766 780 axungiae
794 705 893 763 mittes
928 711 958 763 et
985 702 1157 768 diutissime

142 798 289 870 conteres,
312 797 346 850 ut
368 808 461 850 unum
485 808 595 868 corpus
618 790 739 870 efficias,
762 798 792 850 et
811 809 865 868 pro
884 801 986 852 ceroto
1004 795 1102 854 uteris
1120 796 1157 856 ad

142 879 287 939 sedandos
311 878 421 956 pedum
444 877 606 956 quamlibet
629 879 768 938 molestos
791 878 917 939 dolores.

86 981 122 1030 oe
229 967 345 1027 Medius
367 966 442 1045 lapis
465 966 540 1028 lacte
561 966 700 1027 muliebri
718 966 828 1027 dilutus
848 975 878 1027 et
896 967 1032 1046 pellicula
1050 969 1155 1048 lupina

141 1055 306 1135 conligatus
329 1063 524 1134 portatusque
552 1062 582 1114 et
607 1057 638 1114 in
660 1057 811 1132 praesenti
834 1063 864 1116 et
887 1056 1027 1134 deinceps
1050 1059 1083 1117 in
1107 1059 1151 1118 lu·
1165 1080 1188 1118 10

85 1157 121 1206 6ο
141 1152 242 1204 turum
269 1151 388 1220 tempus
415 1143 575 1220 podagram
603 1145 769 1203 certissime
797 1143 991 1204 submovebit.
1034 1144 1152 1206 Colum·

140 1231 226 1290 binae
249 1232 357 1307 pinnae
382 1232 506 1289 maxime
530 1233 658 1308 primum
682 1239 838 1291 nascentes
861 1241 946 1292 ustae
968 1251 1035 1292 cum
1055 1237 1153 1296 urtica

140 1325 228 1397 atque
252 1319 397 1395 inpositae
420 1317 567 1395 podagrae
591 1318 708 1378 dolores
731 1319 837 1380 levant.

86 1423 120 1472 61
229 1405 401 1466 Terrestres
429 1404 568 1466 lumbrici
594 1405 630 1466 ad
654 1424 824 1467 mensuram
847 1407 993 1468 acetabuli
1020 1410 1052 1468 in
1080 1393 1152 1470 mel·
1248 1381 1249 1434 l

139 1495 176 1556 lis
200 1493 295 1573 cotyla
318 1496 440 1555 contriti
463 1502 493 1554 et
516 1495 638 1573 inpositi
656 1494 790 1573 pedibus,
814 1499 865 1574 qui
883 1499 966 1574 prius
986 1495 1050 1557 oleo
1071 1517 1190 1559 rosa-15
1248 1529 1249 1546 κ

1240 437 1245 527 l

140 1602 193 1644 ceo
216 1585 301 1644 uncti
328 1583 452 1663 luerint,
480 1601 513 1642 ac
542 1585 631 1643 tertio
659 1583 707 1642 die
736 1582 826 1643 soluti
853 1591 883 1644 et
907 1586 1006 1644 statim
1029 1603 1153 1648 rursum
1248 1615 1249 1636 1

139 1673 271 1750 impositi
304 1678 334 1730 et
366 1671 522 1731 confestim
555 1671 687 1731 dolorem
720 1669 836 1732 leniunt
872 1681 902 1732 et
933 1675 965 1731 in
996 1682 1154 1750 posterum

139 1759 254 1820 tollunt.

85 1861 120 1910 ot
228 1846 353 1925 Vulpem
376 1865 413 1906 ex
431 1864 507 1924 aqua
526 1849 655 1926 coquito,
678 1846 772 1906 donec
791 1846 951 1928 mollescat,
970 1856 1000 1909 et
1019 1867 1055 1908 ex
1076 1869 1154 1930 aqua
1248 1837 1249 1840 ¹

140 1934 288 2014 percolata
313 1933 405 2013 pedes
428 1934 551 1994 adsidue
575 1935 684 2014 loreto,
709 1953 767 2012 quo
791 1935 868 1996 iacto
891 1935 1044 1997 doloribus
1064 1939 1152 2001 facile
1166 1959 1189 1999 ao

140 2025 237 2084 careri
259 2023 316 2083 hoc
339 2023 472 2083 remedio
497 2022 615 2101 quidam
639 2023 811 2100 frequenter
835 2027 950 2102 experti
973 2033 1051 2087 sunt.

85 2127 120 2176 63
228 2109 396 2190 Lenticula,
425 2129 499 2190 quae
527 2113 558 2170 in
589 2129 664 2188 aqua
691 2113 836 2192 nascitur,
870 2131 958 2191 quam
988 2117 1154 2177 tenerrima

140 2209 264 2260 contusa
288 2207 317 2259 et
339 2208 497 2278 antequam
520 2197 654 2260 cubitum
679 2206 726 2258 eat
749 2201 785 2278 ei,
809 2202 861 2278 qui
884 2200 964 2261 dolet
981 2202 1082 2283 pedes,
1106 2205 1152 2264 in-

138 2290 244 2367 posita,
267 2287 373 2346 deinde
397 2289 572 2365 interposito
596 2295 730 2366 tempore
754 2287 877 2368 sublata,
900 2299 930 2348 et
948 2289 1041 2350 herba
1059 2309 1151 2352 cucu-

138 2375 185 2435 lus
208 2377 278 2434 trita
301 2378 332 2435 in
355 2375 499 2454 reliquam
522 2382 636 2454 partem
661 2376 756 2435 noctis
780 2377 907 2453 inposita
931 2380 1004 2437 mire
1029 2377 1149 2440 dolores
1163 2398 1188 2438 as

84 2478 120 2528 64
139 2464 285 2542 podagrae
313 2462 404 2524 sedat.
447 2463 553 2524 Farina
578 2463 720 2523 frumenti
743 2481 779 2523 ex
802 2473 885 2524 aceto
909 2473 992 2525 cocta
1016 2465 1151 2528 dolorem

138 2551 285 2630 podagrae
308 2553 408 2610 statim
431 2551 515 2610 sedat
537 2553 673 2630 inposita,
697 2551 748 2611 sed
772 2551 868 2612 lenius
889 2553 1072 2614 medicamen
1093 2558 1150 2616 erit

138 2639 253 2700 adiecto
276 2638 363 2698 melle
386 2657 446 2698 non
470 2638 571 2698 multo.

84 2740 119 2788 65
227 2725 362 2803 Pampini
380 2728 484 2786 vitium
503 2727 567 2786 triti
586 2735 616 2787 et
630 2729 761 2806 impositi
774 2735 920 2788 tumorem
935 2729 1045 2807 pedum
1059 2733 1148 2790 mira-

138 2813 239 2874 biliter
263 2815 427 2894 exsiccant,
451 2815 526 2873 cinis
550 2833 668 2893 quoque
692 2818 796 2876 vitium
815 2834 883 2876 cum
902 2819 1027 2896 axungia
1047 2826 1147 2878 vetere
1161 2837 1186 2878 ao

138 2901 279 2962 subactus
303 2911 333 2961 et
356 2903 513 2978 impositus
536 2902 614 2962 idem
638 2912 769 2982 praestat
789 2922 905 2964 necnon
926 2914 956 2966 et
974 2905 1010 2965 ad
1028 2905 1085 2966 hoc
1106 2906 1149 2966 sal

138 2991 338 3052 ammoniacus
363 3007 432 3050 cum
454 2992 519 3068 pari
542 3008 681 3052 mensura
704 2994 780 3071 picis
803 3001 834 3053 et
857 3011 942 3053 cerae
966 3001 1069 3054 coctus
1094 2996 1148 3054 im·

83 3093 117 3142 66
137 3082 267 3158 ponitur.
308 3077 448 3158 Plantago
477 3096 545 3138 cum
568 3082 694 3158 axungia
717 3079 839 3141 subacta
862 3089 893 3142 et
915 3084 1052 3161 imposita
1074 3081 1149 3143 lenit

137 3167 253 3244 pedum,
275 3165 406 3246 doloreS,
438 3166 526 3226 limus
560 3185 677 3246 quoque
707 3171 861 3246 aquaticus
890 3188 957 3230 cum
985 3169 1050 3230 oleo
1078 3171 1148 3233 sub-

136 3263 220 3314 actus
243 3254 403 3332 plurimum
426 3253 557 3332 prodest.
1161 3276 1185 3317 ss

85 3353 118 3401 ot
226 3341 324 3418 ddeps
348 3343 449 3401 ursina
473 3359 540 3402 cum
565 3360 633 3402 sevo
656 3345 774 3402 taurino
796 3352 825 3402 et
844 3361 912 3403 cera
930 3347 995 3422 pari
1014 3345 1147 3422 pondere

137 3427 346 3506 decoquuntur
374 3447 468 3508 eoque
497 3436 598 3489 ceroto
626 3431 754 3508 podagra
778 3438 913 3492 contacta
940 3431 1051 3493 lenitur
1078 3452 1147 3496 neo-
