2564 3794
552 139 793 203 -130-

170 310 201 364 et
219 302 278 363 mel
291 301 415 382 Lycium
434 307 577 379 quantum
597 300 726 362 sufficiat
740 301 854 380 aequali
868 320 1007 363 mensura
1021 305 1182 384 permisce3

171 391 279 470 quibus
303 389 393 450 rebus
418 389 619 450 dentifricium
644 391 795 468 egregium
819 390 923 471 facies,
948 391 1027 470 quod
1050 390 1181 452 delorem

170 481 304 540 dentium
333 478 416 539 sedat
443 496 553 556 eosque
581 479 737 539 confirmat
765 487 795 539 et
817 479 1044 540 candidissimus
1071 480 1182 562 reddit;

170 569 223 629 sed
252 586 327 646 quae
355 567 478 627 terenda
507 574 589 646 sunt,
620 567 845 644 diligentissime
873 575 1067 632 conterantur
1093 576 1182 647 atque
1265 637 1266 650 ,

170 656 336 718 criblentur
354 661 385 716 et
404 657 447 715 sic
466 657 564 714 omnia
582 657 777 736 misceantur,
797 656 876 734 quod
891 657 1092 718 dentifricium
1110 675 1209 718 nec-s
1265 653 1266 738 l

170 764 230 806 non
258 754 288 805 et
316 744 370 804 alia
398 745 496 804 omnia
524 761 615 822 supra
643 743 722 804 dicta
749 746 781 804 in
808 745 965 824 pyxidibus
993 745 1098 824 ligneis
1131 755 1181 806 atat

169 837 288 895 corneis
310 833 420 894 debent
442 832 573 892 recondi.
1265 831 1266 850 ²

581 1026 660 1087 CAP.
684 1025 773 1088 Xllll.

170 1135 265 1194 Uvae
293 1142 328 1195 et
356 1138 514 1194 faucibus
543 1141 577 1194 et
604 1138 735 1193 arteriis
765 1141 800 1194 et
827 1138 1004 1194 raucedini
1032 1139 1184 1194 remedia

215 1227 355 1296 physica
378 1230 413 1281 et
435 1225 647 1281 rationabilia
670 1227 803 1281 diversa
825 1228 868 1282 de
892 1227 1141 1296 experimentis.

134 1381 150 1428 1
259 1361 302 1422 hd
327 1362 457 1422 saucium
480 1379 614 1440 uvaeque
638 1369 786 1422 tumorem
809 1361 865 1422 hac
888 1362 950 1422 fere
979 1381 1081 1424 omnes
1105 1381 1183 1424 corn·
1265 1365 1266 1434 l

170 1452 318 1529 positione
343 1453 388 1510 uti
411 1449 533 1530 debent,
562 1451 631 1528 quia
660 1449 769 1511 nullam
797 1451 1013 1529 aspritudinem
1040 1450 1183 1513 habetet
1265 1437 1266 1500 l

170 1542 241 1600 satis
265 1540 370 1600 efficax
389 1547 447 1599 est:
470 1538 548 1599 Uvae
567 1539 707 1598 Amineae
726 1538 860 1618 acerbae,
879 1558 948 1600 cum
966 1541 1097 1619 primurn
1116 1559 1180 1618 gra·
1197 1561 1226 1601 m
1265 1573 1266 1578 κ

169 1646 242 1689 num
265 1630 329 1688 eius
353 1630 459 1706 incipit
481 1626 646 1706 perlucere,
670 1629 735 1688 suci
758 1625 789 1688 a
808 1627 872 1706 llll,
895 1628 990 1688 mellis
1008 1630 1099 1688 Attici
1118 1626 1182 1689 &l
1265 1661 1266 1694 ÷

168 1719 292 1778 misceto
320 1720 352 1776 in
379 1735 473 1777 unum
501 1724 590 1794 atque
618 1718 649 1776 in
677 1735 769 1776 aeneo
802 1735 870 1777 vaso
903 1719 1022 1796 coquito
1055 1716 1183 1778 subinde
1265 1769 1266 1788 ,

169 1824 299 1886 movens,
318 1805 413 1866 donec
432 1804 527 1865 mellis
546 1804 653 1865 habeat
671 1805 904 1886 spissitudinem,
923 1817 1011 1884 atque
1031 1806 1100 1865 inde
1119 1807 1182 1866 lau·

132 1911 220 1958 aces
249 1896 413 1973 continges.
455 1893 554 1954 Altera
582 1893 618 1953 ad
646 1893 793 1954 eiusmodi
821 1894 971 1956 molestias
997 1897 1182 1973 compositio,
1265 1899 1266 1910 ¹

170 2001 237 2043 cum
265 1982 378 2043 diutius
407 1990 526 2043 vexatae
555 1991 625 2042 sunt
652 1989 753 2060 partes
781 2000 870 2062 supra
899 1983 1009 2059 dictae,
1036 1990 1070 2042 ut
1096 1982 1181 2043 lacile
1197 2005 1227 2046 rs

169 2072 339 2150 placentur:
363 2071 508 2131 Aluminis
527 2071 590 2130 lissi
609 2070 684 2150 llll,
707 2070 799 2149 gallae
822 2079 928 2131 tunsae
947 2069 1023 2150 xli,
1046 2071 1184 2149 omphaci

169 2159 246 2220 aridi
268 2159 294 2218 n
313 2159 339 2236 l,
367 2161 449 2219 croci
471 2157 541 2236 ltl,
565 2161 645 2236 passi
668 2159 778 2219 Cretici
801 2156 832 2219 θ
851 2159 872 2219 l.
918 2158 981 2220 Hoc
1004 2161 1184 2238 decoquitur
1265 2191 1266 2194 ¹

169 2265 239 2307 vaso
262 2247 347 2307 fictili
370 2247 406 2307 ad
429 2247 550 2325 medias,
573 2249 614 2307 ita
637 2255 671 2307 ut
696 2266 770 2326 quae
793 2248 916 2308 terenda
935 2257 1006 2309 sunt
1024 2248 1183 2327 diligenter

169 2337 240 2396 trita
259 2335 487 2395 admisceantur.
514 2333 681 2414 Utrumque
700 2343 799 2396 autem
818 2337 1067 2398 medicamentum
1086 2339 1183 2416 signa-

169 2431 233 2482 tum
263 2430 384 2501 stagneo
414 2423 619 2500 reponendum
647 2433 693 2484 est
719 2424 839 2485 vasculo
868 2433 897 2485 et
924 2443 979 2486 uva
1008 2426 1053 2486 vel
1080 2426 1183 2486 lauces
1198 2447 1228 2487 so

131 2526 149 2574 3
170 2510 291 2572 adsidue
315 2511 384 2570 inde
408 2511 579 2589 tangendae.
613 2511 670 2572 Ubi
693 2516 868 2592 suppuratio
891 2514 1021 2574 saucium
1043 2524 1184 2594 suspecta

169 2607 216 2660 est
238 2599 351 2660 diutius
373 2607 566 2678 permanente
590 2619 692 2661 earum
715 2609 832 2662 tumore
860 2611 890 2662 et
918 2604 1069 2664 interdum
1092 2603 1183 2664 febri·

169 2686 245 2748 culis
264 2706 324 2748 non
344 2690 407 2748 sine
426 2688 551 2748 horrere
569 2690 801 2769 incurrentibus,
816 2692 966 2770 oportebit
980 2693 1099 2770 quidem
1116 2710 1183 2770 gar·

168 2775 288 2854 galizari
311 2794 416 2855 aquam
440 2777 565 2837 mulsam
591 2777 636 2838 vel
659 2797 727 2839 cum
751 2781 814 2840 licis
834 2780 924 2840 aridis
943 2780 1106 2861 decoctam,
1127 2781 1182 2840 sed

167 2867 316 2944 perungui
331 2867 430 2926 lauces
445 2865 518 2926 utile
533 2873 578 2926 est
592 2865 648 2926 hoc
662 2867 887 2949 medicamento,
907 2886 964 2947 qua
979 2875 1075 2928 tactus
1089 2870 1181 2928 susti·
1198 2887 1229 2929 aa

168 2969 240 3013 nere
268 2955 379 3032 poterit
406 2953 493 3032 paulo
521 2957 668 3036 pressius,
697 2955 774 3034 quod
803 2958 960 3017 conficitur
988 2959 1043 3016 sic:
1084 2954 1183 3016 Mellis

167 3040 240 3102 boni
262 3043 429 3123 despumati
447 3043 604 3124 heminam,
627 3045 743 3104 resinae
762 3044 979 3106 terebinthinae
998 3043 1029 3104 Ρ.
1048 3043 1070 3124 l,
1092 3063 1183 3106 rosae

168 3131 265 3192 siccae
285 3132 406 3212 cyathos
421 3131 452 3193 V.
480 3133 621 3194 Resinam
639 3151 707 3193 cum
726 3151 794 3192 rosa
808 3134 919 3212 duplici
932 3151 1010 3214 vaso,
1032 3142 1067 3194 ut
1083 3132 1186 3194 solent

167 3224 359 3298 unguentarii
378 3225 430 3304 uti,
455 3221 602 3302 liquefieri
620 3229 746 3302 oportet,
770 3221 877 3282 deinde
896 3222 1054 3284 admisceri
1073 3222 1131 3283 mel
1151 3231 1186 3284 et

238 3357 435 3413 bmiscantur.
522 3364 555 3413 16
573 3358 667 3427 gallae
686 3360 785 3412 tunsae
803 3354 830 3409 Ξ
843 3355 870 3410 ΙΙ
887 3372 937 3410 om.
1025 3363 1060 3412 25
1078 3375 1185 3428 perun·

165 3427 256 3493 gueni.
310 3428 554 3485 medicamentum.
610 3430 720 3484 susten.
774 3433 808 3482 27
827 3425 1024 3483 terebintinae.
1079 3437 1113 3485 28
1128 3430 1186 3484 sic·

164 3503 227 3563 cue]
245 3500 303 3554 suci
319 3501 476 3557 Carnarius.
550 3507 584 3557 29
603 3501 718 3572 oportit.
