2540 3802
530 124 767 188 -181—-

140 287 173 345 in
197 293 280 345 aceto
305 286 419 345 excocti
442 287 506 345 triti
530 293 560 345 et
582 284 659 346 inliti
684 293 852 364 mentagrae
872 286 1038 347 medentur.
1073 286 1191 348 ldcm4

141 380 273 452 praestat
296 371 382 433 ibisci
405 373 488 433 radix
513 392 580 434 cum
604 373 706 452 lupino
730 382 761 434 et
784 381 867 434 aceto
891 374 926 435 ad
949 377 1053 435 tertias
1071 383 1155 436 cocta

142 473 172 522 et
201 461 341 540 adposita.
388 460 457 522 Flos
485 464 559 524 visci
582 481 649 524 cum
678 462 757 524 calce
784 462 926 524 subactus
949 475 979 524 et
1002 462 1155 556 adpositus
1173 475 1196 545 5,

141 560 312 629 mentagrae
336 549 419 610 valde
443 560 488 611 est
511 551 602 612 utilis.

114 656 127 697 a
231 639 275 699 nd
298 640 477 718 inpetigines
500 639 696 719 detergendas
720 640 844 700 larinam
865 641 927 700 ervi
945 641 1067 701 mixtam
1086 660 1154 702 cum
1173 653 1189 700 6

141 738 226 788 aceto
246 728 419 806 frequenter
433 727 575 790 inducito.
608 727 673 790 Olei
687 730 807 808 myrtini
822 730 926 789 uncias
939 727 986 808 Vl,
1000 727 1058 789 olei
1077 729 1153 790 sclri·
1174 743 1189 791 7

141 817 206 876 nini
230 825 281 876 aut
304 815 473 877 masticbini
495 819 598 878 uncias
623 823 777 898 quattuor,
799 816 953 896 lithargyri
977 819 1080 878 uncias
1105 817 1155 899 lll,

141 904 288 984 psimithii
311 907 415 966 uncias
434 904 460 964 ll
483 924 552 967 cum
575 907 643 966 vino
666 915 767 966 vetere
791 904 878 966 simul
902 913 982 966 teres
1005 914 1036 967 et
1056 906 1154 967 oleum

142 996 242 1054 statim
266 1002 367 1072 postea
391 995 491 1055 mittes
510 1002 540 1054 et
558 994 716 1073 diligenter
733 993 928 1074 permiscebis
948 1002 978 1054 et
996 997 1039 1056 sic
1061 997 1155 1056 uteris

101 1099 128 1140 xo
143 1082 179 1143 ad
203 1084 382 1162 inpetigines
407 1081 573 1144 abolendas.
614 1083 658 1143 dd
686 1085 865 1162 inpetigines
892 1082 1088 1162 detergendas
1116 1083 1190 1143 la·8

142 1171 226 1250 patbi
249 1170 364 1232 radices
388 1189 456 1232 cum
480 1179 563 1233 aceto
587 1189 697 1250 coques
726 1171 761 1232 ad
789 1174 893 1232 tertias
921 1180 951 1231 et
976 1174 1007 1232 in
1031 1190 1066 1232 eo
1089 1173 1155 1232 iure

142 1262 252 1320 iterum
281 1277 397 1339 oryzam
425 1260 583 1339 discoques
611 1268 641 1320 et
669 1261 712 1321 sic
738 1259 775 1320 ad
799 1260 1022 1340 perducendum
1046 1278 1155 1340 corpus

142 1349 247 1408 uteris.
293 1347 468 1408 Gucumeris
497 1349 622 1409 silvatici
650 1348 766 1410 radices
794 1349 829 1409 ad
862 1351 966 1410 tertias
996 1349 1190 1429 discoquesu

144 1455 253 1515 easque
281 1436 418 1498 decoctas
446 1446 526 1498 teres
554 1436 711 1517 diligenter
737 1445 767 1498 et
790 1436 880 1498 addes
903 1437 1097 1517 lithargyrum
1121 1456 1155 1498 ac

103 1538 130 1581 xo
145 1523 270 1603 sulphur
293 1524 408 1605 aequali
431 1543 571 1586 mensura
594 1534 623 1586 ct
647 1543 733 1587 cerae
756 1543 862 1604 parum
885 1532 973 1605 atque
994 1526 1063 1587 inde
1082 1527 1155 1608 loca,

143 1631 219 1692 quae
243 1615 373 1694 inpetigo
397 1616 520 1695 ceperit,
543 1612 728 1694 perfricabis.

231 1702 273 1762 Ad
294 1702 443 1764 scabidam
462 1704 656 1783 inpetiginem
673 1701 785 1763 scillam
800 1701 895 1763 albam
910 1704 1019 1764 sumito
1035 1711 1065 1764 et
1078 1701 1154 1764 bene
1175 1709 1208 1758 10

141 1791 317 1852 contundite
342 1810 435 1871 eaque
458 1793 651 1871 inpetiginem
675 1790 792 1852 inlinito
821 1801 851 1852 et
876 1790 1052 1852 adsiccatam
1071 1799 1155 1854 aceto

142 1882 205 1940 acri
233 1882 324 1942 mixto
353 1880 411 1942 sale
440 1880 546 1962 eluito,
573 1880 680 1941 deinde
709 1897 812 1959 spuma
836 1881 951 1959 argenti
977 1888 1101 1942 contusa
1125 1890 1156 1942 et

100 1981 128 2021 20
142 1986 210 2029 rosa
238 1969 348 2048 liquida
376 1971 557 2048 perunguito
585 1978 616 2030 et
643 1987 711 2030 cum
739 1968 920 2029 adsiccatum
948 1969 1039 2030 luerit
1064 1970 1155 2030 medi-

105 2119 111 2128 ,
141 2065 325 2136 cementum,
348 2076 482 2139 rursum,
506 2067 652 2137 utsupra
676 2057 813 2138 diximuS,
836 2065 919 2118 aceto
943 2056 1020 2118 salso
1044 2057 1155 2119 abluito

142 2155 231 2225 atque
255 2148 364 2208 iterum
388 2146 490 2208 cadero
514 2148 628 2208 ratione
656 2145 769 2206 scillam
797 2147 897 2206 tritam
924 2144 1041 2207 inlinito
1064 2146 1154 2226 idque

141 2235 309 2296 remedium
328 2235 501 2314 frequenter
519 2237 635 2314 iterato,
656 2234 751 2295 donec
770 2234 806 2294 ad
826 2235 981 2294 sanitatem
999 2234 1155 2314 perducas.

141 2322 221 2385 Picis
244 2323 374 2403 liquidae
395 2325 523 2403 optimae
543 2323 696 2384 acetabulo
716 2325 768 2384 uni
786 2322 868 2382 adice
888 2322 1013 2384 lerinam
1031 2323 1154 2387 hordea·
1175 2329 1206 2378 11

99 2422 127 2464 2⁶
141 2431 224 2473 ceam
252 2421 283 2473 et
310 2415 422 2474 nitrum
448 2420 478 2473 et
501 2414 601 2492 apium
624 2413 729 2473 tritum
753 2419 783 2472 et
806 2410 933 2491 sulphur
956 2414 1060 2492 aequis
1082 2432 1154 2493 pon·

141 2500 264 2562 deribus
292 2521 326 2562 ac
354 2501 538 2580 superlunde
567 2503 643 2562 aceti
672 2499 731 2560 albi
755 2501 895 2561 acerrimi
919 2500 1071 2562 acetabula
1095 2502 1154 2564 duo

140 2598 171 2650 et
193 2592 224 2650 in
247 2592 347 2669 patina
371 2590 504 2669 decoque
527 2589 616 2650 simul
638 2607 672 2650 ac
695 2595 798 2669 postea
821 2588 948 2650 calidum
970 2590 1155 2652 medicamen

140 2678 232 2740 linteo
255 2679 389 2740 inducito
413 2687 444 2739 ct
467 2681 510 2739 sic
533 2679 653 2758 corpori
676 2677 830 2758 adponit03
853 2695 913 2738 non
933 2678 1029 2740 solum
1048 2681 1154 2758 inpeti-

141 2769 240 2846 ginem
263 2768 320 2828 hoc
343 2766 485 2848 remedio,
509 2767 560 2828 sed
587 2775 617 2828 et
639 2766 752 2846 lepram
776 2765 894 2828 sedabis
918 2775 948 2828 et
971 2766 1109 2829 scabiem.

98 2865 126 2906 ³0
230 2855 425 2936 Inpetiginem
447 2857 580 2936 quamvis
599 2859 792 2917 inveteratam
811 2857 871 2916 cito
889 2854 1029 2938 abolebis,
1051 2858 1077 2917 si
1095 2857 1153 2917 lae·
1175 2860 1206 2909 12

141 2944 208 3006 cula
226 2947 296 3026 vini,
315 2963 372 3024 qua
391 2945 537 3006 tinctores
555 2953 691 3026 utuntur,
710 2962 779 3005 cum
798 2961 873 3024 aqua
891 2947 1037 3024 permixta
1056 2944 1154 3006 locum
1211 2993 1217 3008 .

140 3036 330 3116 perunxeris,
358 3035 398 3095 ita
422 3042 469 3114 ut,
492 3034 564 3095 dum
587 3035 800 3113 quinquaginta
823 3051 977 3114 numeras,
1004 3033 1065 3096 illic
1088 3053 1153 3096 esse

140 3124 296 3201 permittas
326 3129 356 3183 ei
384 3125 526 3184 continuo
554 3122 734 3202 destringas3
764 3137 832 3181 nam
860 3122 886 3182 si
914 3121 1027 3183 diutius
1055 3123 1153 3204 fuerit,

141 3210 229 3272 altius
257 3213 301 3272 vis
330 3213 395 3273 eius
422 3211 532 3272 insidet
559 3219 589 3272 et
614 3209 700 3270 ulcus
723 3208 833 3289 grande
857 3209 953 3270 saciet.
1000 3209 1153 3272 Glutinum
1173 3217 1206 3270 18

8 3359 9 3370 ,
100 3315 126 3358 aa
140 3302 293 3361 taurinum
321 3310 405 3361 aceto
432 3300 592 3362 remissum
618 3297 733 3359 adiecto
763 3295 876 3357 sullure
905 3299 970 3356 vivo
997 3296 1058 3358 leni
1084 3301 1153 3379 igne
1243 3317 1249 3329 ·

8 3379 9 3386 ἵ
140 3388 307 3469 decoctum,
330 3391 371 3450 ita
394 3398 428 3449 ut
451 3388 487 3448 ad
510 3385 606 3448 mellis
628 3384 857 3446 crassitudinem
874 3383 1066 3468 perducatur,
1089 3407 1153 3450 sur·

140 3477 268 3557 culoque
292 3477 415 3559 liculno,
439 3477 510 3537 ditm
534 3475 682 3555 coquitur,
706 3474 847 3552 agitatum
870 3490 904 3533 ao
927 3471 973 3534 bis
997 3493 1051 3553 per
1074 3476 1152 3538 diem
