<?xml version="1.0" encoding="UTF-8"?>
<!DOCTYPE html PUBLIC "-//W3C//DTD XHTML 1.0 Transitional//EN"
    "http://www.w3.org/TR/xhtml1/DTD/xhtml1-transitional.dtd">
<html xmlns="http://www.w3.org/1999/xhtml" xml:lang="en" lang="en">
 <head>
  <title>
</title>
<meta http-equiv="Content-Type" content="text/html;charset=utf-8" />
  <meta name='ocr-system' content='tesseract 3.04.00' />
  <meta name='ocr-capabilities' content='ocr_page ocr_carea ocr_par ocr_line ocrx_word'/>
</head>
<body>
  <div class='ocr_page' id='page_1' title='image "./marcellidemedic02helmgoog_0396.png"; bbox 0 0 2518 3806; ppageno 0'>
   <div class='ocr_carea' id='block_1_1' title="bbox 525 51 1237 204">
    <p class='ocr_par' dir='ltr' id='par_1_1' title="bbox 525 51 1237 230">
     <span class='ocr_line' id='line_1_1' title="bbox 525 51 1237 204; baseline -0.001 -16"><span class='ocrx_word' id='word_1_1' title='bbox 525 125 681 188; x_wconf 82' lang='lat'>-384</span> <span class='ocrx_word' id='word_1_2' title='bbox 729 159 766 168; x_wconf 93' lang='lat'>-</span> <span class='ocrx_word' id='word_1_3' title='bbox 1234 51 1237 204; x_wconf 58' lang='grc'><strong>1</strong></span> 
     </span>
    </p>
   </div>
   <div class='ocr_carea' id='block_1_2' title="bbox 178 287 1241 2658">
    <p class='ocr_par' dir='ltr' id='par_1_2' title="bbox 182 287 1241 1161">
     <span class='ocr_line' id='line_1_2' title="bbox 185 287 1004 370; baseline -0.002 -22"><span class='ocrx_word' id='word_1_4' title='bbox 185 287 269 370; x_wconf 85' lang='lat' dir='ltr'>Irim,</span> <span class='ocrx_word' id='word_1_5' title='bbox 293 296 461 348; x_wconf 91' lang='lat' dir='ltr'>castoreum</span> <span class='ocrx_word' id='word_1_6' title='bbox 485 287 670 366; x_wconf 90' lang='lat' dir='ltr'>scillamque,</span> <span class='ocrx_word' id='word_1_7' title='bbox 693 287 808 364; x_wconf 91' lang='lat' dir='ltr'>opium,</span> <span class='ocrx_word' id='word_1_8' title='bbox 832 303 1004 365; x_wconf 80' lang='lat' dir='ltr'>panaceam,</span> 
     </span>
     <span class='ocr_line' id='line_1_3' title="bbox 185 373 1106 456; baseline -0.004 -20"><span class='ocrx_word' id='word_1_9' title='bbox 185 375 338 456; x_wconf 86' lang='lat' dir='ltr'>Resinam,</span> <span class='ocrx_word' id='word_1_10' title='bbox 361 376 506 456; x_wconf 88' lang='lat' dir='ltr'>lepidum,</span> <span class='ocrx_word' id='word_1_11' title='bbox 529 374 711 453; x_wconf 82' lang='lat' dir='ltr'>euforbium,</span> <span class='ocrx_word' id='word_1_12' title='bbox 735 376 778 452; x_wconf 88' lang='lat' dir='ltr'>git</span> <span class='ocrx_word' id='word_1_13' title='bbox 801 381 889 452; x_wconf 87' lang='lat' dir='ltr'>atque</span> <span class='ocrx_word' id='word_1_14' title='bbox 913 373 1106 454; x_wconf 80' lang='lat' dir='ltr'>pyrethrum,</span> 
     </span>
     <span class='ocr_line' id='line_1_4' title="bbox 186 461 1074 545; baseline -0.007 -20"><span class='ocrx_word' id='word_1_15' title='bbox 186 464 324 544; x_wconf 89' lang='lat' dir='ltr'>Zingiber</span> <span class='ocrx_word' id='word_1_16' title='bbox 348 471 378 525; x_wconf 90' lang='lat' dir='ltr'>et</span> <span class='ocrx_word' id='word_1_17' title='bbox 401 464 542 545; x_wconf 88' lang='lat' dir='ltr'>calidum,</span> <span class='ocrx_word' id='word_1_18' title='bbox 564 463 686 524; x_wconf 84' lang='lat' dir='ltr'>mordax</span> <span class='ocrx_word' id='word_1_19' title='bbox 710 465 796 541; x_wconf 86' lang='lat' dir='ltr'>piper</span> <span class='ocrx_word' id='word_1_20' title='bbox 819 470 849 522; x_wconf 81' lang='lat' dir='ltr'>et</span> <span class='ocrx_word' id='word_1_21' title='bbox 872 461 949 522; x_wconf 90' lang='lat' dir='ltr'>laser</span> <span class='ocrx_word' id='word_1_22' title='bbox 972 461 1074 539; x_wconf 86' lang='lat' dir='ltr'>algens</span> 
     </span>
     <span class='ocr_line' id='line_1_5' title="bbox 183 549 1192 632; baseline -0.006 -18"><span class='ocrx_word' id='word_1_23' title='bbox 183 554 402 632; x_wconf 77' lang='lat' dir='ltr'>Agaricumque</span> <span class='ocrx_word' id='word_1_24' title='bbox 425 570 602 631; x_wconf 86' lang='lat' dir='ltr'>asarumque</span> <span class='ocrx_word' id='word_1_25' title='bbox 625 559 745 632; x_wconf 88' lang='lat' dir='ltr'>potens,</span> <span class='ocrx_word' id='word_1_26' title='bbox 769 549 867 630; x_wconf 90' lang='lat' dir='ltr'>aloen,</span> <span class='ocrx_word' id='word_1_27' title='bbox 891 551 1054 630; x_wconf 84' lang='lat' dir='ltr'>aconitum,</span> <span class='ocrx_word' id='word_1_28' title='bbox 1169 567 1192 608; x_wconf 79' lang='grc'>33</span> 
     </span>
     <span class='ocr_line' id='line_1_6' title="bbox 184 637 1101 722; baseline -0.004 -20"><span class='ocrx_word' id='word_1_29' title='bbox 184 641 325 722; x_wconf 88' lang='lat' dir='ltr'>Galbana,</span> <span class='ocrx_word' id='word_1_30' title='bbox 349 641 551 720; x_wconf 83' lang='lat' dir='ltr'>sandaracam,</span> <span class='ocrx_word' id='word_1_31' title='bbox 574 658 757 718; x_wconf 86' lang='lat' dir='ltr'>samsucum,</span> <span class='ocrx_word' id='word_1_32' title='bbox 779 641 944 718; x_wconf 85' lang='lat' dir='ltr'>psoricum,</span> <span class='ocrx_word' id='word_1_33' title='bbox 967 637 1101 718; x_wconf 91' lang='lat' dir='ltr'>alumen,</span> 
     </span>
     <span class='ocr_line' id='line_1_7' title="bbox 183 725 1102 808; baseline -0.003 -19"><span class='ocrx_word' id='word_1_34' title='bbox 183 729 319 790; x_wconf 79' lang='lat' dir='ltr'>Aoaoiam</span> <span class='ocrx_word' id='word_1_35' title='bbox 343 729 549 808; x_wconf 85' lang='lat' dir='ltr'>propolimquo</span> <span class='ocrx_word' id='word_1_36' title='bbox 573 736 603 788; x_wconf 87' lang='lat' dir='ltr'>ct</span> <span class='ocrx_word' id='word_1_37' title='bbox 626 728 766 807; x_wconf 87' lang='lat' dir='ltr'>adarcen,</span> <span class='ocrx_word' id='word_1_38' title='bbox 790 745 916 808; x_wconf 91' lang='lat' dir='ltr'>cnecon,</span> <span class='ocrx_word' id='word_1_39' title='bbox 939 725 1102 787; x_wconf 88' lang='lat' dir='ltr'>acanthu&#39;m</span> 
     </span>
     <span class='ocr_line' id='line_1_8' title="bbox 183 813 1076 895; baseline -0.004 -18"><span class='ocrx_word' id='word_1_40' title='bbox 183 817 382 878; x_wconf 81' lang='lat' dir='ltr'>hadrachnen</span> <span class='ocrx_word' id='word_1_41' title='bbox 405 835 574 895; x_wconf 86' lang='lat' dir='ltr'>acoronque</span> <span class='ocrx_word' id='word_1_42' title='bbox 597 833 767 894; x_wconf 80' lang='lat' dir='ltr'>opopanace</span> <span class='ocrx_word' id='word_1_43' title='bbox 789 813 1076 895; x_wconf 79' lang='lat' dir='ltr'>pompholygemquc</span> 
     </span>
     <span class='ocr_line' id='line_1_9' title="bbox 184 902 1241 984; baseline -0.005 -18"><span class='ocrx_word' id='word_1_44' title='bbox 184 905 331 984; x_wconf 79' lang='lat' dir='ltr'>Gyperum</span> <span class='ocrx_word' id='word_1_45' title='bbox 355 905 492 966; x_wconf 88' lang='lat' dir='ltr'>ladanum</span> <span class='ocrx_word' id='word_1_46' title='bbox 515 921 741 983; x_wconf 84' lang='lat' dir='ltr'>sagapenonque</span> <span class='ocrx_word' id='word_1_47' title='bbox 764 912 795 964; x_wconf 91' lang='lat' dir='ltr'>et</span> <span class='ocrx_word' id='word_1_48' title='bbox 818 902 1056 982; x_wconf 87' lang='lat' dir='ltr'>tragacanthum,</span> <span class='ocrx_word' id='word_1_49' title='bbox 1240 977 1241 984; x_wconf 8' lang='grc' dir='ltr'>ἵ</span> 
     </span>
     <span class='ocr_line' id='line_1_10' title="bbox 184 988 1189 1075; baseline -0.006 -23"><span class='ocrx_word' id='word_1_50' title='bbox 184 992 382 1075; x_wconf 89' lang='lat' dir='ltr'>Scamoniam,</span> <span class='ocrx_word' id='word_1_51' title='bbox 405 994 507 1073; x_wconf 82' lang='lat' dir='ltr'>cyphi,</span> <span class='ocrx_word' id='word_1_52' title='bbox 529 991 732 1053; x_wconf 87' lang='lat' dir='ltr'>malabathron</span> <span class='ocrx_word' id='word_1_53' title='bbox 756 988 829 1072; x_wconf 86' lang='lat' dir='ltr'>&lt;et&gt;</span> <span class='ocrx_word' id='word_1_54' title='bbox 854 992 1067 1052; x_wconf 89' lang='lat' dir='ltr'>ammoniacon.</span> <span class='ocrx_word' id='word_1_55' title='bbox 1164 1007 1189 1046; x_wconf 87' lang='lat' dir='ltr'>ro</span> 
     </span>
     <span class='ocr_line' id='line_1_11' title="bbox 182 1079 944 1161; baseline -0.003 -20"><span class='ocrx_word' id='word_1_56' title='bbox 182 1080 316 1160; x_wconf 85' lang='lat' dir='ltr'>Denique</span> <span class='ocrx_word' id='word_1_57' title='bbox 340 1085 493 1161; x_wconf 88' lang='lat' dir='ltr'>repperies</span> <span class='ocrx_word' id='word_1_58' title='bbox 516 1083 596 1159; x_wconf 89' lang='lat' dir='ltr'>istic,</span> <span class='ocrx_word' id='word_1_59' title='bbox 620 1079 699 1160; x_wconf 91' lang='lat' dir='ltr'>quod</span> <span class='ocrx_word' id='word_1_60' title='bbox 722 1080 798 1141; x_wconf 92' lang='lat' dir='ltr'>lucis</span> <span class='ocrx_word' id='word_1_61' title='bbox 821 1083 852 1140; x_wconf 94' lang='lat' dir='ltr'>in</span> <span class='ocrx_word' id='word_1_62' title='bbox 876 1086 944 1140; x_wconf 89' lang='lat' dir='ltr'>ortu</span> 
     </span>
    </p>

    <p class='ocr_par' dir='ltr' id='par_1_3' title="bbox 182 1166 992 1249">
     <span class='ocr_line' id='line_1_12' title="bbox 182 1166 992 1249; baseline -0.002 -21"><span class='ocrx_word' id='word_1_63' title='bbox 182 1169 287 1248; x_wconf 91' lang='lat' dir='ltr'>lndus,</span> <span class='ocrx_word' id='word_1_64' title='bbox 310 1169 417 1249; x_wconf 81' lang='lat' dir='ltr'>Arabs,</span> <span class='ocrx_word' id='word_1_65' title='bbox 443 1170 544 1249; x_wconf 90' lang='lat' dir='ltr'>Seres,</span> <span class='ocrx_word' id='word_1_66' title='bbox 567 1169 674 1228; x_wconf 89' lang='lat' dir='ltr'>Perses</span> <span class='ocrx_word' id='word_1_67' title='bbox 698 1169 838 1247; x_wconf 89' lang='lat' dir='ltr'>divesque</span> <span class='ocrx_word' id='word_1_68' title='bbox 862 1166 992 1227; x_wconf 88' lang='lat' dir='ltr'>Sabaeus</span> 
     </span>
    </p>

    <p class='ocr_par' dir='ltr' id='par_1_4' title="bbox 183 1255 1005 1336">
     <span class='ocr_line' id='line_1_13' title="bbox 183 1255 1005 1336; baseline 0.001 -22"><span class='ocrx_word' id='word_1_69' title='bbox 183 1256 286 1315; x_wconf 91' lang='lat' dir='ltr'>Viciuo</span> <span class='ocrx_word' id='word_1_70' title='bbox 310 1256 366 1316; x_wconf 90' lang='lat' dir='ltr'>sub</span> <span class='ocrx_word' id='word_1_71' title='bbox 390 1256 451 1317; x_wconf 86' lang='lat' dir='ltr'>sole</span> <span class='ocrx_word' id='word_1_72' title='bbox 474 1257 590 1336; x_wconf 88' lang='lat' dir='ltr'>legunt,</span> <span class='ocrx_word' id='word_1_73' title='bbox 614 1256 694 1335; x_wconf 95' lang='lat' dir='ltr'>quod</span> <span class='ocrx_word' id='word_1_74' title='bbox 717 1255 841 1334; x_wconf 89' lang='lat' dir='ltr'>praebet</span> <span class='ocrx_word' id='word_1_75' title='bbox 864 1255 1005 1334; x_wconf 87' lang='lat' dir='ltr'>Orontes,</span> 
     </span>
    </p>

    <p class='ocr_par' dir='ltr' id='par_1_5' title="bbox 183 1342 947 1424">
     <span class='ocr_line' id='line_1_14' title="bbox 183 1342 947 1424; baseline 0.001 -22"><span class='ocrx_word' id='word_1_76' title='bbox 183 1342 333 1403; x_wconf 82' lang='lat' dir='ltr'>Eximium</span> <span class='ocrx_word' id='word_1_77' title='bbox 355 1345 456 1422; x_wconf 85' lang='lat' dir='ltr'>ignoto</span> <span class='ocrx_word' id='word_1_78' title='bbox 481 1346 571 1404; x_wconf 86' lang='lat' dir='ltr'>mittit</span> <span class='ocrx_word' id='word_1_79' title='bbox 595 1344 674 1422; x_wconf 92' lang='lat' dir='ltr'>quod</span> <span class='ocrx_word' id='word_1_80' title='bbox 697 1343 782 1404; x_wconf 90' lang='lat' dir='ltr'>Nilus</span> <span class='ocrx_word' id='word_1_81' title='bbox 806 1343 842 1403; x_wconf 92' lang='lat' dir='ltr'>ab</span> <span class='ocrx_word' id='word_1_82' title='bbox 866 1351 947 1424; x_wconf 86' lang='lat' dir='ltr'>ortu,</span> 
     </span>
    </p>

    <p class='ocr_par' dir='ltr' id='par_1_6' title="bbox 182 1431 1187 1599">
     <span class='ocr_line' id='line_1_15' title="bbox 182 1431 1187 1514; baseline -0.001 -23"><span class='ocrx_word' id='word_1_83' title='bbox 182 1431 363 1510; x_wconf 87' lang='lat' dir='ltr'>Decerptum</span> <span class='ocrx_word' id='word_1_84' title='bbox 386 1431 478 1512; x_wconf 85' lang='lat' dir='ltr'>loliis,</span> <span class='ocrx_word' id='word_1_85' title='bbox 501 1450 597 1512; x_wconf 92' lang='lat' dir='ltr'>ramo,</span> <span class='ocrx_word' id='word_1_86' title='bbox 620 1439 703 1514; x_wconf 89' lang='lat' dir='ltr'>cute,</span> <span class='ocrx_word' id='word_1_87' title='bbox 726 1434 851 1512; x_wconf 90' lang='lat' dir='ltr'>cortice,</span> <span class='ocrx_word' id='word_1_88' title='bbox 874 1433 969 1510; x_wconf 84' lang='lat' dir='ltr'>virga,</span> <span class='ocrx_word' id='word_1_89' title='bbox 1163 1444 1187 1484; x_wconf 78' lang='grc'>35</span> 
     </span>
     <span class='ocr_line' id='line_1_16' title="bbox 183 1519 1003 1599; baseline -0.002 -19"><span class='ocrx_word' id='word_1_90' title='bbox 183 1519 329 1599; x_wconf 83' lang='lat' dir='ltr'>Quodque</span> <span class='ocrx_word' id='word_1_91' title='bbox 352 1519 389 1580; x_wconf 87' lang='lat' dir='ltr'>ab</span> <span class='ocrx_word' id='word_1_92' title='bbox 411 1520 558 1581; x_wconf 84' lang='lat' dir='ltr'>idumaeis</span> <span class='ocrx_word' id='word_1_93' title='bbox 581 1529 699 1581; x_wconf 84' lang='lat' dir='ltr'>vectum</span> <span class='ocrx_word' id='word_1_94' title='bbox 723 1519 848 1598; x_wconf 88' lang='lat' dir='ltr'>seplasia</span> <span class='ocrx_word' id='word_1_95' title='bbox 871 1519 1003 1579; x_wconf 89' lang='lat' dir='ltr'>vendunt</span> 
     </span>
    </p>

    <p class='ocr_par' dir='ltr' id='par_1_7' title="bbox 181 1607 969 1687">
     <span class='ocr_line' id='line_1_17' title="bbox 181 1607 969 1687; baseline -0.001 -20"><span class='ocrx_word' id='word_1_96' title='bbox 181 1607 220 1668; x_wconf 89' lang='lat' dir='ltr'>Et</span> <span class='ocrx_word' id='word_1_97' title='bbox 243 1609 384 1687; x_wconf 93' lang='lat' dir='ltr'>quicquid</span> <span class='ocrx_word' id='word_1_98' title='bbox 409 1609 524 1670; x_wconf 78' lang='lat' dir='ltr'>confert</span> <span class='ocrx_word' id='word_1_99' title='bbox 547 1609 670 1669; x_wconf 85' lang='lat' dir='ltr'>medicis</span> <span class='ocrx_word' id='word_1_100' title='bbox 694 1608 806 1687; x_wconf 88' lang='lat' dir='ltr'>Lagaea</span> <span class='ocrx_word' id='word_1_101' title='bbox 830 1607 969 1686; x_wconf 83' lang='lat' dir='ltr'>cataplus.</span> 
     </span>
    </p>

    <p class='ocr_par' dir='ltr' id='par_1_8' title="bbox 181 1695 1049 1863">
     <span class='ocr_line' id='line_1_18' title="bbox 181 1695 1049 1776; baseline -0.001 -21"><span class='ocrx_word' id='word_1_102' title='bbox 181 1695 260 1756; x_wconf 91' lang='grc'><strong>11333</strong></span> <span class='ocrx_word' id='word_1_103' title='bbox 284 1699 464 1776; x_wconf 89' lang='lat' dir='ltr'>quicumque</span> <span class='ocrx_word' id='word_1_104' title='bbox 487 1697 582 1775; x_wconf 89' lang='lat' dir='ltr'>loges,</span> <span class='ocrx_word' id='word_1_105' title='bbox 604 1698 718 1775; x_wconf 87' lang='lat' dir='ltr'>poteris</span> <span class='ocrx_word' id='word_1_106' title='bbox 741 1697 913 1758; x_wconf 86' lang='lat' dir='ltr'>discernere</span> <span class='ocrx_word' id='word_1_107' title='bbox 935 1703 1049 1776; x_wconf 90' lang='lat' dir='ltr'>tecum,</span> 
     </span>
     <span class='ocr_line' id='line_1_19' title="bbox 181 1783 889 1863; baseline 0 -20"><span class='ocrx_word' id='word_1_108' title='bbox 181 1783 374 1862; x_wconf 68' lang='lat' dir='ltr'>ignoscenda</span> <span class='ocrx_word' id='word_1_109' title='bbox 398 1787 490 1863; x_wconf 90' lang='lat' dir='ltr'>magis</span> <span class='ocrx_word' id='word_1_110' title='bbox 513 1787 574 1845; x_wconf 86' lang='lat' dir='ltr'>sive</span> <span class='ocrx_word' id='word_1_111' title='bbox 598 1784 763 1844; x_wconf 82' lang='lat' dir='ltr'>exercenda</span> <span class='ocrx_word' id='word_1_112' title='bbox 787 1786 889 1845; x_wconf 78' lang='lat' dir='ltr'>rearis</span> 
     </span>
    </p>

    <p class='ocr_par' dir='ltr' id='par_1_9' title="bbox 180 1870 1187 2039">
     <span class='ocr_line' id='line_1_20' title="bbox 181 1870 1187 1952; baseline 0.003 -20"><span class='ocrx_word' id='word_1_113' title='bbox 181 1870 314 1952; x_wconf 86' lang='lat' dir='ltr'>Quisque</span> <span class='ocrx_word' id='word_1_114' title='bbox 337 1880 436 1934; x_wconf 89' lang='lat' dir='ltr'>tamen</span> <span class='ocrx_word' id='word_1_115' title='bbox 457 1881 594 1933; x_wconf 90' lang='lat' dir='ltr'>nostrum</span> <span class='ocrx_word' id='word_1_116' title='bbox 611 1871 669 1933; x_wconf 94' lang='lat' dir='ltr'>hoc</span> <span class='ocrx_word' id='word_1_117' title='bbox 689 1872 820 1933; x_wconf 91' lang='lat' dir='ltr'>studium</span> <span class='ocrx_word' id='word_1_118' title='bbox 840 1870 1013 1951; x_wconf 84' lang='lat' dir='ltr'>dignabere,</span> <span class='ocrx_word' id='word_1_119' title='bbox 1037 1889 1150 1951; x_wconf 88' lang='lat' dir='ltr'>quaeso</span> <span class='ocrx_word' id='word_1_120' title='bbox 1164 1885 1187 1924; x_wconf 78' lang='lat'>⁷⁰</span> 
     </span>
     <span class='ocr_line' id='line_1_21' title="bbox 180 1960 1016 2039; baseline 0.002 -20"><span class='ocrx_word' id='word_1_121' title='bbox 180 1960 318 2021; x_wconf 82' lang='lat' dir='ltr'>Praestas</span> <span class='ocrx_word' id='word_1_122' title='bbox 340 1962 484 2022; x_wconf 93' lang='lat' dir='ltr'>iudicium</span> <span class='ocrx_word' id='word_1_123' title='bbox 506 1979 616 2039; x_wconf 93' lang='lat' dir='ltr'>purum</span> <span class='ocrx_word' id='word_1_124' title='bbox 639 1968 828 2039; x_wconf 87' lang='lat' dir='ltr'>mentemque</span> <span class='ocrx_word' id='word_1_125' title='bbox 850 1960 1016 2038; x_wconf 91' lang='lat' dir='ltr'>benignam.</span> 
     </span>
    </p>

    <p class='ocr_par' dir='ltr' id='par_1_10' title="bbox 182 2047 950 2128">
     <span class='ocr_line' id='line_1_22' title="bbox 182 2047 950 2128; baseline -0.001 -20"><span class='ocrx_word' id='word_1_126' title='bbox 182 2047 231 2108; x_wconf 89' lang='lat' dir='ltr'>Sic</span> <span class='ocrx_word' id='word_1_127' title='bbox 254 2056 305 2109; x_wconf 91' lang='lat' dir='ltr'>tua</span> <span class='ocrx_word' id='word_1_128' title='bbox 328 2058 473 2128; x_wconf 90' lang='lat' dir='ltr'>perpetuo</span> <span class='ocrx_word' id='word_1_129' title='bbox 496 2057 672 2128; x_wconf 81' lang='lat' dir='ltr'>vegetentur</span> <span class='ocrx_word' id='word_1_130' title='bbox 695 2049 827 2109; x_wconf 87' lang='lat' dir='ltr'>membra</span> <span class='ocrx_word' id='word_1_131' title='bbox 850 2051 950 2126; x_wconf 87' lang='lat' dir='ltr'>vigore</span> 
     </span>
    </p>

    <p class='ocr_par' dir='ltr' id='par_1_11' title="bbox 180 2135 1010 2216">
     <span class='ocr_line' id='line_1_23' title="bbox 180 2135 1010 2216; baseline 0 -21"><span class='ocrx_word' id='word_1_132' title='bbox 180 2135 218 2196; x_wconf 86' lang='lat' dir='ltr'>Et</span> <span class='ocrx_word' id='word_1_133' title='bbox 235 2155 365 2216; x_wconf 79' lang='lat' dir='ltr'>peragas</span> <span class='ocrx_word' id='word_1_134' title='bbox 388 2136 532 2215; x_wconf 89' lang='lat' dir='ltr'>placidam</span> <span class='ocrx_word' id='word_1_135' title='bbox 555 2155 609 2215; x_wconf 91' lang='lat' dir='ltr'>per</span> <span class='ocrx_word' id='word_1_136' title='bbox 632 2137 723 2198; x_wconf 88' lang='lat' dir='ltr'>multa</span> <span class='ocrx_word' id='word_1_137' title='bbox 748 2137 890 2198; x_wconf 89' lang='lat' dir='ltr'>decennia</span> <span class='ocrx_word' id='word_1_138' title='bbox 914 2137 1010 2195; x_wconf 88' lang='lat' dir='ltr'>vitam.</span> 
     </span>
    </p>

    <p class='ocr_par' dir='ltr' id='par_1_12' title="bbox 181 2223 1005 2304">
     <span class='ocr_line' id='line_1_24' title="bbox 181 2223 1005 2304; baseline 0 -21"><span class='ocrx_word' id='word_1_139' title='bbox 181 2223 231 2284; x_wconf 91' lang='lat' dir='ltr'>Sic</span> <span class='ocrx_word' id='word_1_140' title='bbox 254 2243 314 2284; x_wconf 89' lang='lat' dir='ltr'>non</span> <span class='ocrx_word' id='word_1_141' title='bbox 337 2226 457 2286; x_wconf 90' lang='lat' dir='ltr'>incuses</span> <span class='ocrx_word' id='word_1_142' title='bbox 480 2224 605 2285; x_wconf 89' lang='lat' dir='ltr'>validam</span> <span class='ocrx_word' id='word_1_143' title='bbox 628 2225 832 2304; x_wconf 89' lang='lat' dir='ltr'>placidamque</span> <span class='ocrx_word' id='word_1_144' title='bbox 856 2232 1005 2285; x_wconf 88' lang='lat' dir='ltr'>senectam</span> 
     </span>
    </p>

    <p class='ocr_par' dir='ltr' id='par_1_13' title="bbox 178 2310 1188 2480">
     <span class='ocr_line' id='line_1_25' title="bbox 179 2310 1188 2392; baseline 0.001 -21"><span class='ocrx_word' id='word_1_145' title='bbox 179 2310 241 2371; x_wconf 87' lang='lat' dir='ltr'>Nec</span> <span class='ocrx_word' id='word_1_146' title='bbox 264 2313 318 2373; x_wconf 87' lang='lat' dir='ltr'>tibi</span> <span class='ocrx_word' id='word_1_147' title='bbox 342 2315 381 2373; x_wconf 91' lang='lat' dir='ltr'>sit</span> <span class='ocrx_word' id='word_1_148' title='bbox 403 2313 527 2374; x_wconf 91' lang='lat' dir='ltr'>medicis</span> <span class='ocrx_word' id='word_1_149' title='bbox 550 2331 625 2391; x_wconf 92' lang='lat' dir='ltr'>opus</span> <span class='ocrx_word' id='word_1_150' title='bbox 648 2329 788 2392; x_wconf 91' lang='lat' dir='ltr'>umquam</span> <span class='ocrx_word' id='word_1_151' title='bbox 811 2331 866 2374; x_wconf 85' lang='lat' dir='ltr'>nec</span> <span class='ocrx_word' id='word_1_152' title='bbox 889 2311 945 2372; x_wconf 93' lang='lat' dir='ltr'>tibi</span> <span class='ocrx_word' id='word_1_153' title='bbox 968 2329 1054 2372; x_wconf 90' lang='lat' dir='ltr'>casus</span> <span class='ocrx_word' id='word_1_154' title='bbox 1163 2326 1188 2365; x_wconf 76' lang='lat'>⁷⁵</span> 
     </span>
     <span class='ocr_line' id='line_1_26' title="bbox 178 2399 1008 2480; baseline 0.001 -21"><span class='ocrx_word' id='word_1_155' title='bbox 178 2399 238 2459; x_wconf 82' lang='lat' dir='ltr'>Aut</span> <span class='ocrx_word' id='word_1_156' title='bbox 261 2400 383 2462; x_wconf 90' lang='lat' dir='ltr'>morbus</span> <span class='ocrx_word' id='word_1_157' title='bbox 406 2403 522 2480; x_wconf 90' lang='lat' dir='ltr'>pariant</span> <span class='ocrx_word' id='word_1_158' title='bbox 544 2400 638 2461; x_wconf 93' lang='lat' dir='ltr'>ullum</span> <span class='ocrx_word' id='word_1_159' title='bbox 662 2401 839 2480; x_wconf 91' lang='lat' dir='ltr'>quandoque</span> <span class='ocrx_word' id='word_1_160' title='bbox 862 2399 1008 2480; x_wconf 91' lang='lat' dir='ltr'>dolorem,</span> 
     </span>
    </p>

    <p class='ocr_par' dir='ltr' id='par_1_14' title="bbox 180 2486 924 2570">
     <span class='ocr_line' id='line_1_27' title="bbox 180 2486 924 2570; baseline 0.004 -24"><span class='ocrx_word' id='word_1_161' title='bbox 180 2486 238 2547; x_wconf 87' lang='lat' dir='ltr'>Sed</span> <span class='ocrx_word' id='word_1_162' title='bbox 262 2488 367 2567; x_wconf 92' lang='lat' dir='ltr'>procul</span> <span class='ocrx_word' id='word_1_163' title='bbox 391 2509 407 2550; x_wconf 93' lang='lat' dir='ltr'>a</span> <span class='ocrx_word' id='word_1_164' title='bbox 430 2492 512 2550; x_wconf 91' lang='lat' dir='ltr'>curis</span> <span class='ocrx_word' id='word_1_165' title='bbox 535 2497 565 2550; x_wconf 88' lang='lat' dir='ltr'>et</span> <span class='ocrx_word' id='word_1_166' title='bbox 588 2507 659 2549; x_wconf 88' lang='lat' dir='ltr'>sano</span> <span class='ocrx_word' id='word_1_167' title='bbox 684 2507 809 2568; x_wconf 88' lang='lat' dir='ltr'>corpore</span> <span class='ocrx_word' id='word_1_168' title='bbox 831 2492 924 2570; x_wconf 86' lang='lat' dir='ltr'>vivas,</span> 
     </span>
    </p>

    <p class='ocr_par' dir='ltr' id='par_1_15' title="bbox 180 2574 1147 2658">
     <span class='ocr_line' id='line_1_28' title="bbox 180 2574 1147 2658; baseline 0 -22"><span class='ocrx_word' id='word_1_169' title='bbox 180 2574 317 2655; x_wconf 82' lang='lat' dir='ltr'>Quotque</span> <span class='ocrx_word' id='word_1_170' title='bbox 341 2577 390 2637; x_wconf 92' lang='lat' dir='ltr'>bic</span> <span class='ocrx_word' id='word_1_171' title='bbox 414 2586 484 2638; x_wconf 89' lang='lat' dir='ltr'>sunt</span> <span class='ocrx_word' id='word_1_172' title='bbox 507 2595 625 2658; x_wconf 81' lang='lat' dir='ltr'>versus,</span> <span class='ocrx_word' id='word_1_173' title='bbox 648 2584 693 2638; x_wconf 91' lang='lat' dir='ltr'>tot</span> <span class='ocrx_word' id='word_1_174' title='bbox 716 2586 803 2655; x_wconf 87' lang='lat' dir='ltr'>agant</span> <span class='ocrx_word' id='word_1_175' title='bbox 826 2584 876 2638; x_wconf 89' lang='lat' dir='ltr'>tua</span> <span class='ocrx_word' id='word_1_176' title='bbox 897 2585 1032 2655; x_wconf 89' lang='lat' dir='ltr'>tempora</span> <span class='ocrx_word' id='word_1_177' title='bbox 1050 2574 1147 2637; x_wconf 86' lang='lat' dir='ltr'>lenos.</span> 
     </span>
    </p>
   </div>
   <div class='ocr_carea' id='block_1_3' title="bbox 133 2745 1147 3098">
    <p class='ocr_par' dir='ltr' id='par_1_16' title="bbox 133 2745 1147 3098">
     <span class='ocr_line' id='line_1_29' title="bbox 224 2745 1146 2817; baseline 0.001 -19"><span class='ocrx_word' id='word_1_178' title='bbox 224 2749 258 2798; x_wconf 76' lang='lat'>63</span> <span class='ocrx_word' id='word_1_179' title='bbox 276 2745 414 2817; x_wconf 86' lang='lat' dir='ltr'>lepidum]</span> <span class='ocrx_word' id='word_1_180' title='bbox 433 2748 459 2802; x_wconf 86' lang='lat' dir='ltr'>ai</span> <span class='ocrx_word' id='word_1_181' title='bbox 477 2747 555 2802; x_wconf 85' lang='lat' dir='ltr'>lectio</span> <span class='ocrx_word' id='word_1_182' title='bbox 576 2752 614 2802; x_wconf 78' lang='lat' dir='ltr'>eet</span> <span class='ocrx_word' id='word_1_183' title='bbox 632 2747 749 2816; x_wconf 70' lang='lat' dir='ltr'>integro,</span> <span class='ocrx_word' id='word_1_184' title='bbox 767 2745 908 2815; x_wconf 65' lang='lat' dir='ltr'>lepidium,</span> <span class='ocrx_word' id='word_1_185' title='bbox 921 2746 1010 2801; x_wconf 79' lang='lat' dir='ltr'>dicere</span> <span class='ocrx_word' id='word_1_186' title='bbox 1027 2746 1146 2801; x_wconf 78' lang='lat' dir='ltr'>oidetrcr.</span> 
     </span>
     <span class='ocr_line' id='line_1_30' title="bbox 134 2815 1146 2886; baseline 0 -17"><span class='ocrx_word' id='word_1_187' title='bbox 134 2815 308 2884; x_wconf 87' lang='lat' dir='ltr'>euphorbum</span> <span class='ocrx_word' id='word_1_188' title='bbox 330 2816 534 2872; x_wconf 65' lang='grc' dir='ltr'><strong>033333ιὲ333.</strong></span> <span class='ocrx_word' id='word_1_189' title='bbox 635 2821 670 2870; x_wconf 79' lang='lat'>59</span> <span class='ocrx_word' id='word_1_190' title='bbox 689 2816 861 2886; x_wconf 82' lang='lat' dir='ltr'>sagapenion</span> <span class='ocrx_word' id='word_1_191' title='bbox 880 2817 910 2870; x_wconf 84' lang='lat' dir='ltr'>et</span> <span class='ocrx_word' id='word_1_192' title='bbox 926 2817 1146 2886; x_wconf 77' lang='lat' dir='ltr'>tragacantham</span> 
     </span>
     <span class='ocr_line' id='line_1_31' title="bbox 133 2884 1145 2959; baseline 0.001 -19"><span class='ocrx_word' id='word_1_193' title='bbox 133 2885 222 2941; x_wconf 80' lang='lat' dir='ltr'>Riese.</span> <span class='ocrx_word' id='word_1_194' title='bbox 330 2891 365 2941; x_wconf 85' lang='grc'>60</span> <span class='ocrx_word' id='word_1_195' title='bbox 383 2886 466 2956; x_wconf 86' lang='lat' dir='ltr'>cyphi</span> <span class='ocrx_word' id='word_1_196' title='bbox 490 2888 603 2956; x_wconf 79' lang='lat' dir='ltr'>scripsi:</span> <span class='ocrx_word' id='word_1_197' title='bbox 627 2904 717 2956; x_wconf 85' lang='lat' dir='ltr'>cypon</span> <span class='ocrx_word' id='word_1_198' title='bbox 741 2887 899 2943; x_wconf 72' lang='grc'><strong>0333331333.</strong></span> <span class='ocrx_word' id='word_1_199' title='bbox 989 2884 1061 2959; x_wconf 80' lang='lat' dir='ltr'>(ab)</span> <span class='ocrx_word' id='word_1_200' title='bbox 1080 2888 1145 2942; x_wconf 82' lang='lat' dir='ltr'>add.</span> 
     </span>
     <span class='ocr_line' id='line_1_32' title="bbox 134 2956 1147 3027; baseline 0.003 -17"><span class='ocrx_word' id='word_1_201' title='bbox 134 2957 295 3012; x_wconf 76' lang='lat' dir='ltr'>Salmasius.</span> <span class='ocrx_word' id='word_1_202' title='bbox 382 2961 415 3010; x_wconf 78' lang='lat'>62</span> <span class='ocrx_word' id='word_1_203' title='bbox 434 2957 526 3012; x_wconf 84' lang='lat' dir='ltr'>Persis</span> <span class='ocrx_word' id='word_1_204' title='bbox 548 2956 706 3013; x_wconf 79' lang='lat' dir='ltr'>Gornorius.</span> <span class='ocrx_word' id='word_1_205' title='bbox 793 2963 827 3012; x_wconf 77' lang='grc'>67</span> <span class='ocrx_word' id='word_1_206' title='bbox 846 2957 959 3027; x_wconf 78' lang='lat' dir='ltr'>Lageae</span> <span class='ocrx_word' id='word_1_207' title='bbox 976 2957 1147 3013; x_wconf 77' lang='lat' dir='ltr'>Salmasius:</span> 
     </span>
     <span class='ocr_line' id='line_1_33' title="bbox 133 3027 920 3098; baseline 0.004 -17"><span class='ocrx_word' id='word_1_208' title='bbox 133 3027 245 3097; x_wconf 86' lang='lat' dir='ltr'>lalagea</span> <span class='ocrx_word' id='word_1_209' title='bbox 265 3027 423 3084; x_wconf 71' lang='lat' dir='ltr'>domarius.</span> <span class='ocrx_word' id='word_1_210' title='bbox 499 3032 533 3082; x_wconf 74' lang='lat'>74</span> <span class='ocrx_word' id='word_1_211' title='bbox 551 3028 741 3098; x_wconf 84' lang='lat' dir='ltr'>placitamque</span> <span class='ocrx_word' id='word_1_212' title='bbox 762 3028 920 3084; x_wconf 70' lang='lat' dir='ltr'>Cerberion.</span> 
     </span>
    </p>
   </div>
   <div class='ocr_carea' id='block_1_4' title="bbox 0 0 1264 3806">
    <p class='ocr_par' dir='ltr' id='par_1_17' title="bbox 0 0 1264 3806">
     <span class='ocr_line' id='line_1_34' title="bbox 0 0 1264 3806; baseline 0 2"><span class='ocrx_word' id='word_1_213' title='bbox 0 0 1264 3806; x_wconf 95' lang='lat' dir='ltr'> </span> 
     </span>
    </p>
   </div>
  </div>
 </body>
</html>
