2528 3814
568 139 804 202 -290-

126 333 182 398 130
270 305 439 383 serpullum
461 303 497 362 ad
520 301 637 380 pondus
660 301 808 361 victoriati
832 302 966 380 argentei
988 301 1094 361 tritum
1116 301 1185 362 bene

181 393 288 455 valenti
311 411 347 452 ex
370 394 452 470 vino,
477 387 673 450 febriculento
698 408 733 449 ex
757 407 832 468 aqua
854 391 939 468 potui
962 390 1064 450 datum
1088 408 1186 450 omnes

180 482 292 541 ventris
316 478 433 539 dolores
459 477 551 538 sedat.

125 589 176 650 131
266 567 435 628 Humanum
454 564 559 625 lotium
578 573 663 626 vetus
682 567 796 627 adiecto
816 567 898 626 croci
916 566 1041 646 modico,
1064 575 1100 627 ut
1120 567 1188 627 odor

179 658 243 717 eius
271 654 452 734 occultetur,
479 655 628 732 ignoranti
655 657 741 733 potui
763 655 865 715 datum
889 654 1051 734 quamlibet
1075 664 1210 717 veteresu

177 748 209 804 in
236 741 401 803 visceribus
429 742 555 802 latentes
583 742 705 803 morbos
737 743 868 824 sanabit3
900 746 1013 804 vomitu
1040 745 1123 803 enim
1150 747 1190 804 in·

177 833 266 892 ritato
296 838 325 892 et
349 830 546 892 eiectionibus
569 833 725 892 concitatis
749 850 835 892 omne
859 833 964 892 vitium
987 830 1122 892 valenter
1145 851 1190 892 ex-

178 927 294 1000 purgat.

125 1024 175 1076 132
267 1008 305 1068 Ut
328 1007 476 1086 explorari
498 1011 601 1090 possit,
625 1027 661 1068 ex
685 1007 845 1068 latentibus
869 1007 981 1069 morbis
1005 1011 1057 1087 qui
1077 1011 1117 1070 sit
1136 1009 1191 1088 ille,

178 1100 230 1177 qui
252 1104 339 1156 vexat
361 1097 521 1178 infirmum,
545 1097 808 1176 conprehendique
832 1096 956 1175 qualitas
980 1099 1045 1158 vitii
1071 1105 1102 1158 et
1124 1117 1191 1177 pars
1205 1117 1226 1155 ro

177 1189 325 1246 viscerum
353 1187 461 1264 possit,
490 1185 606 1246 catulus
632 1179 709 1246 letae
732 1187 814 1246 canis
838 1185 950 1246 lactens
975 1186 1023 1246 die
1047 1204 1082 1246 ac
1105 1196 1191 1246 nocte

152 1293 245 1336 ¹oum
274 1293 309 1334 eo
337 1276 389 1353 qui
416 1273 529 1334 laborat
557 1261 725 1354 accumbam
755 1276 781 1334 is
811 1282 915 1352 postea
944 1282 1044 1334 sectus
1072 1277 1192 1354 inspici·

177 1371 227 1423 tur
254 1362 475 1440 translatusque
503 1364 535 1422 in
558 1380 593 1422 eo
618 1361 740 1422 morbus
762 1362 841 1424 haud
865 1362 985 1423 dillicile
1008 1371 1132 1424 notatur
1154 1365 1192 1423 ita

177 1459 290 1532 tamen,
320 1459 352 1512 ut
380 1469 468 1529 aeger
496 1452 525 1511 ei
552 1450 597 1511 lae
625 1451 661 1510 de
685 1469 739 1512 suo
768 1469 819 1511 ore
845 1451 1017 1530 frequenter
1041 1452 1193 1531 infundat,

177 1558 244 1600 eum
273 1547 372 1600 tamen
396 1539 541 1621 catulum,
569 1558 636 1600 cum
665 1539 756 1600 luerit
779 1547 931 1621 exsectae,
959 1539 1047 1601 obrui
1074 1548 1193 1620 oportet
1207 1557 1227 1598 15

177 1646 232 1689 nec
256 1628 293 1688 ab
316 1646 350 1688 re
374 1635 432 1708 est,
464 1631 490 1688 si
517 1629 617 1689 triduo
643 1628 722 1688 idem
747 1627 863 1689 catulus
886 1631 988 1689 vivens
1012 1647 1081 1688 cum
1105 1647 1195 1708 aegro

177 1725 307 1796 maneat3
334 1718 439 1776 vitium
465 1719 545 1777 enim
573 1719 654 1796 aegri
682 1719 810 1778 transire
837 1719 869 1776 in
898 1735 966 1778 eum
994 1735 1090 1796 usque
1121 1719 1196 1778 adeo

177 1813 294 1866 certum
313 1813 367 1885 est,
391 1813 424 1865 ut
444 1807 588 1866 moriatur
607 1805 722 1866 catulus
740 1805 951 1885 hominemque
970 1805 1083 1866 morbis
1102 1805 1195 1867 laten·

179 1893 260 1954 tibus
283 1893 404 1954 relevet.

124 1995 175 2045 133
266 1981 310 2042 lu
335 1981 530 2060 dysintericos
555 1980 713 2042 solitaneos
737 1981 867 2042 cocleam
889 1981 1007 2060 plenam
1028 2000 1098 2042 cum
1117 1991 1195 2043 testa
1211 2001 1232 2040 ro

164 2089 231 2131 ‘sua
250 2073 344 2130 vivam
364 2077 453 2150 tense,
472 2070 507 2130 ad
528 2071 614 2130 cuius
635 2070 752 2148 pondus
771 2071 847 2130 infra
867 2072 978 2149 scripta
997 2073 1068 2130 trita
1086 2073 1195 2132 misce-

178 2158 238 2240 bis,
265 2158 295 2218 id
326 2166 372 2218 est
400 2160 480 2218 casei
507 2161 617 2218 veteris
646 2167 789 2238 quantum
817 2166 863 2219 est
888 2159 1005 2220 cocleae
1029 2159 1196 2240 dimidium,

178 2251 226 2308 ovi
248 2247 407 2307 medullam
430 2249 462 2306 in
486 2253 569 2306 aceto
594 2256 716 2326 coctam,
739 2265 845 2326 punem
865 2247 1023 2308 candidum
1043 2255 1196 2308 vetustum

177 2335 224 2396 vel
248 2343 359 2396 tostum
383 2334 442 2416 vel,
466 2335 544 2412 quod
569 2343 615 2395 cst
638 2336 757 2416 melius,
781 2338 948 2416 nauticum,
972 2345 1083 2416 rutam,
1107 2339 1196 2415 piper

179 2443 215 2484 ex
238 2426 320 2504 vino;
344 2423 423 2503 quod
447 2441 516 2483 cum
538 2425 623 2502 prius
645 2424 725 2484 lerro
745 2425 883 2484 candenti
902 2425 1083 2506 calefeceris,
1106 2427 1195 2503 potui
1209 2443 1233 2482 25

181 2515 245 2572 sine
269 2530 343 2590 aqua
367 2511 560 2594 ministrabis,
585 2512 636 2572 sed
656 2521 686 2574 et
705 2512 792 2574 bacas
812 2524 941 2592 myrteas
960 2513 1078 2574 adicies.
1114 2513 1195 2574 llaec

181 2603 279 2660 omnia
303 2607 440 2660 conteres
465 2601 548 2660 etin
572 2602 693 2678 potione
716 2604 777 2662 vini
801 2604 909 2662 veteris
932 2603 1031 2662 ieiuno
1056 2601 1148 2661 dabis.

128 2702 179 2751 134
269 2689 312 2748 ld
332 2707 392 2769 eos,
416 2691 468 2767 qni
487 2691 660 2766 sanguinem
680 2708 734 2769 per
751 2691 927 2751 intestinum
945 2691 1056 2750 iactant
1074 2689 1121 2750 vel
1139 2708 1195 2768 per

180 2785 354 2856 corruptum
378 2795 486 2855 corpus
509 2778 635 2838 inferius
659 2778 823 2858 effundunt,
847 2779 1013 2838 remedium
1037 2780 1092 2838 sic:
1118 2776 1194 2837 Her·

178 2865 233 2925 bae
256 2867 370 2925 urticae
394 2865 542 2925 masculae
566 2869 751 2927 summitates
774 2874 892 2926 teneras
916 2866 1037 2945 colliges
1065 2875 1095 2926 et
1118 2884 1189 2926 con·
1206 2885 1232 2924 ao

178 2953 287 3014 tundes
316 2971 480 3032 sucumque
508 2955 574 3014 eius
603 2973 777 3034 expressum
804 2974 858 3033 per
886 2955 1019 3016 triduum
1043 2955 1193 3014 ministra-

178 3042 225 3102 bis
241 3041 417 3120 bibendum3
433 3043 458 3101 si
472 3052 571 3102 autem
586 3061 653 3102 cum
669 3061 744 3122 aqua
759 3043 866 3122 frigida
881 3051 932 3104 aut
947 3051 1030 3104 aceto
1045 3046 1192 3104 acerrimo

178 3139 229 3192 aut
252 3148 342 3210 posca
366 3129 472 3208 frigida
497 3131 526 3190 id
551 3133 598 3191 ius
621 3133 747 3192 mixtum
770 3132 901 3211 dederis,
931 3133 1064 3211 quamvis
1087 3131 1193 3212 despe-

179 3227 260 3280 ratos
284 3219 320 3280 de
345 3237 435 3298 supra
459 3220 569 3298 scripta
592 3220 762 3282 infirmitate
785 3221 922 3298 protinus
945 3219 1094 3280 liberabis.

269 3424 393 3502 iputui.
454 3431 487 3478 16
508 3424 543 3478 ab
562 3425 605 3495 re]
625 3425 736 3480 babere.
797 3429 832 3478 20
850 3425 993 3480 solitanos.
1049 3430 1083 3478 22
1101 3425 1190 3483 vetus.

180 3491 214 3539 23
234 3493 384 3546 candrtum.
457 3497 492 3547 25
511 3511 544 3548 ex
562 3495 627 3550 vino
646 3511 696 3550 om.
