2540 3802
536 119 690 183 -234
739 156 775 166 -

97 296 130 344 13
237 279 407 359 Inponenda
423 289 493 342 sunt
507 281 627 342 lienosis
642 289 672 340 et
685 282 811 340 maxime
826 280 881 360 hie,
894 297 1021 358 quorum
1035 282 1170 344 nimium
1255 274 1256 300 ³

148 369 217 430 duri
235 376 266 429 et
284 369 392 430 tumidi
406 379 477 430 sunt
490 369 593 450 lienes,
611 369 827 430 medicamenta
839 368 1023 429 huiusmodi:
1043 368 1168 449 Sinapis

148 466 179 518 et
200 458 335 537 pyrethri
357 459 439 537 paria
462 458 593 537 pondera
616 476 652 518 ex
676 467 759 518 aceto
781 459 851 518 trita
870 456 1048 535 chartaeque
1068 457 1167 541 inlita,

149 565 236 625 quam
260 546 342 606 horis
366 546 463 607 tribus
486 545 627 626 habeant3
650 545 758 606 deinde
781 564 851 606 cum
869 544 1002 606 dolorem
1020 544 1164 607 intolera-

148 635 238 696 bilem
260 636 339 696 ierre
363 653 422 696 non
445 636 606 714 potuerint,
630 634 797 694 deducendi
820 635 944 694 suntin
967 633 1108 694 balneum
1133 643 1194 696 ets

147 723 190 784 ibi
212 726 244 784 in
267 722 374 784 solium
398 723 526 784 calidum
549 722 725 784 demittendi
747 730 778 782 et
796 722 913 782 fovendi
933 724 1093 800 praecipue
1113 722 1164 785 his

147 811 229 893 locis,
255 815 286 872 in
310 811 419 890 quibus
442 812 690 873 medicamentum
713 811 883 872 habuerunt
905 812 1083 892 inpositum,
1108 813 1163 874 sed

147 900 360 962 asertionibus
387 900 537 962 retinendi
564 907 635 960 sunt
662 903 693 960 in
722 899 809 979 solio;
837 898 962 960 exiliunt
987 902 1067 960 enim
1092 900 1164 961 sub

147 989 216 1050 inde
240 997 269 1050 et
292 989 395 1067 fugere
419 998 564 1050 conantur
583 1007 642 1048 non
662 989 844 1050 sustinentes
863 988 1025 1068 servorem3
1048 1007 1064 1048 a
1085 988 1161 1049 solio

147 1097 217 1138 vero
241 1078 394 1155 unguendi
413 1086 483 1138 sunt
501 1077 566 1137 oleo
586 1086 616 1138 et
634 1077 778 1156 tergendi,
797 1088 860 1138 tum
880 1084 1015 1136 cerotum
1034 1095 1071 1137 ex
1091 1095 1207 1138 rosam

146 1165 348 1242 inponendum
371 1165 444 1224 locis
467 1167 612 1244 perustis,
640 1183 716 1243 quae
739 1164 966 1244 insequentibus
990 1165 1109 1246 diebus,
1135 1169 1162 1226 si

148 1255 219 1312 satis
242 1259 346 1312 exusta
369 1252 489 1332 luerint,
513 1253 613 1312 curari
635 1251 753 1312 debent.

96 1352 129 1400 14
236 1339 358 1417 Pinguis
382 1339 432 1400 fici
453 1340 553 1400 aridae
577 1347 718 1400 contusae
742 1340 879 1401 denarios
902 1340 993 1422 XXV,
1021 1345 1160 1421 capparis

147 1428 255 1490 radicis
279 1429 340 1488 sive
364 1431 485 1490 corticis
509 1428 647 1490 denarios
670 1431 810 1508 quinque,
834 1429 1000 1508 aphronitri
1019 1430 1160 1492 denarios

147 1524 301 1598 quattuor,
329 1517 434 1597 hysopi
462 1517 644 1578 fasciculum.
685 1517 815 1578 Contusa
838 1517 911 1578 hacc
935 1517 1022 1578 melle
1045 1526 1204 1598 tempe-15

147 1614 265 1688 rantur,
288 1606 382 1667 donec
406 1609 500 1667 ceroti
523 1605 650 1666 habeant
672 1613 917 1686 temperaturam3
945 1606 1051 1667 deinde
1074 1608 1162 1670 inlita

146 1695 267 1756 linteolo
286 1713 377 1774 super
395 1695 503 1756 lienem
522 1703 676 1773 ponuntur
694 1703 723 1755 et
742 1694 857 1756 duabm
872 1695 917 1754 vel
933 1695 1059 1774 amplius
1073 1695 1161 1758 horis

146 1784 206 1845 illie
229 1783 389 1864 habentur3
413 1784 520 1846 deinde
543 1787 570 1844 is
593 1786 645 1862 qui
668 1791 790 1844 curatur
813 1783 848 1843 ad
867 1782 1017 1844 balineum
1037 1784 1162 1846 ducitur

94 1973 126 2022 15
234 1960 375 2039 Malagma
398 1961 519 2022 lienosis
543 1961 614 2021 utile
639 1963 695 2021 sic:
728 1959 819 2020 Cerae
843 1959 948 2020 libram
971 1979 1074 2041 unam,
1097 1981 1159 2022 am·
1175 1983 1206 2022 20

145 2051 273 2110 moniaci
295 2057 395 2128 guttae
418 2051 556 2110 denarios
579 2049 691 2130 decem,
714 2047 820 2127 lapidis
843 2048 922 2109 Assii
944 2048 1035 2129 iloris,
1058 2049 1088 2110 id
1112 2060 1162 2112 est

145 2140 268 2218 cineris,
292 2138 430 2198 denarios
453 2139 558 2214 viginti
582 2139 727 2216 quinque,
749 2136 860 2219 balani,
884 2155 943 2214 quo
967 2140 1161 2216 unguentarii

145 2234 286 2307 utuntur,
309 2226 446 2286 denarios
469 2224 547 2304 XVl,
571 2224 684 2285 bdellae
707 2225 845 2286 denarios
868 2223 942 2305 XVI,
965 2229 1046 2288 croci
1070 2227 1159 2288 dena-

145 2316 206 2372 rios
229 2314 296 2393 llll,
325 2316 441 2374 resinae
464 2315 594 2392 pityinae
617 2312 643 2372 X
663 2313 756 2393 XXll,
784 2313 840 2374 olei
864 2313 973 2374 laurini
996 2309 1160 2376 sestarium

145 2401 297 2480 dimidum,
321 2404 398 2462 aceti
420 2401 452 2461 P.
471 2400 533 2462 llll.
565 2400 628 2462 Hoc
647 2419 756 2480 genere
775 2405 963 2482 componitur
986 2402 1052 2483 hoc,
1076 2405 1158 2482 quod
1173 2423 1202 2464 ss

144 2489 290 2550 Niliacum
307 2489 449 2568 malagma
464 2489 581 2550 dicitur.
614 2489 702 2550 Arida
714 2509 754 2550 ex
768 2500 851 2551 aceto
866 2499 924 2551 tam
940 2491 991 2552 diu
1009 2500 1158 2573 teruntur,

145 2577 239 2638 donec
267 2576 343 2637 levia
370 2578 447 2638 lacta
466 2577 603 2638 habeant
629 2578 725 2640 mellis
753 2579 991 2660 spissitudinem
1021 2599 1096 2659 quae
1119 2581 1156 2641 ad

144 2667 243 2744 ignem
266 2664 406 2726 solvenda
425 2673 503 2744 sunt,
527 2685 596 2726 oum
614 2666 678 2727 oleo
699 2675 729 2728 et
747 2667 833 2746 adipe
852 2667 1010 2748 liquefacta
1027 2671 1059 2728 in
1080 2687 1158 2728 mor-

144 2756 252 2814 tarium
276 2772 367 2832 super
389 2757 459 2815 trita
482 2754 693 2836 infunduntur3
718 2754 824 2816 deinde
848 2759 987 2818 universa
1009 2759 1156 2836 pe‘rmixta

144 2861 213 2904 cum
236 2843 410 2920 refrigerata
434 2843 554 2922 luerint,
577 2842 714 2904 manibus
737 2843 925 2922 subiguntur.
1172 2866 1201 2906 ao

92 2944 125 2995 lo
232 2930 275 2991 Ad
299 2930 406 3012 lienes,
430 2933 482 3011 qui
505 2949 564 2992 non
587 2930 624 2990 ab
647 2931 782 3014 infantia,
811 2933 862 2994 sed
886 2941 990 3012 postea
1012 2933 1155 2995 indurue-

144 3027 224 3100 runt,
243 3019 386 3097 malagma
400 3021 457 3081 sic:
478 3018 667 3100 Myrobalani,
685 3023 814 3103 panacis,
833 3021 967 3101 pyrethri
982 3023 1080 3100 pondo
1096 3024 1157 3083 sin-

144 3108 221 3190 gula,
243 3107 367 3170 balsami
390 3111 510 3170 seminis
530 3107 609 3188 XX,
633 3111 744 3187 sinapis
763 3109 793 3171 P.
814 3109 834 3170 l.
867 3109 920 3170 llis
940 3112 1019 3172 tritis
1038 3118 1157 3172 acetum

143 3216 212 3259 acre
235 3200 378 3260 miscetur
401 3207 431 3259 et
455 3199 505 3259 diu
529 3199 686 3276 permixtio
714 3200 770 3258 ista
794 3197 944 3276 subigitur
967 3217 1095 3278 eumque
1119 3218 1157 3260 ex

232 3339 248 3388 3
267 3334 374 3404 pyretri
398 3333 550 3388 Carnarius
573 3339 604 3387 ut
626 3334 706 3401 infra
723 3334 841 3401 saepius.
951 3339 966 3387 6
986 3333 1157 3388 demittendi

143 3405 255 3482 scripsi:
278 3404 441 3460 dimittendi
464 3405 623 3462 (leccardus.
733 3409 765 3458 17
791 3403 973 3472 imponuntur
991 3403 1155 3472 elephantie.

145 3476 178 3525 18
196 3489 226 3525 m
245 3473 377 3530 balneum
396 3476 557 3546 Stephanus.
