2636 3790
500 65 718 128 *25-

97 231 132 288 in
161 245 196 288 eo
224 229 293 288 vitia
318 229 447 308 diversa,
475 236 526 289 aut
549 246 586 288 ne
611 230 720 288 iterum
742 246 798 307 per
821 229 948 308 aliquam
972 246 1114 290 venarum

99 323 238 394 erumpat
261 317 297 376 ad
318 335 406 377 aures
426 317 572 396 iaciatque
591 317 741 376 hominem
761 317 894 398 surdum,
917 325 1012 379 totum
1032 321 1114 398 oppi-

97 406 164 466 lans
189 406 332 485 auditum,
355 413 406 466 aut
428 423 544 466 vermes
567 407 598 466 in
623 405 745 466 auribus
768 415 899 487 generet,
923 405 968 466 vel
991 407 1114 467 naribus

97 493 225 574 polypos
249 495 370 575 nutriat,
394 502 445 554 aut
474 494 569 555 oculis
592 493 736 574 aegilopia
759 497 876 575 excitet,
900 504 952 555 aut
974 495 1114 556 dentibus

70 586 140 644 csit
162 581 307 643 molestus
331 591 361 642 et
384 583 472 643 iaciat
490 583 640 643 hominem
665 585 726 643 oris
750 583 834 643 fetidi
858 589 947 662 atque
971 587 1114 664 corrupti,

96 672 154 748 rel,
180 671 259 750 quod
283 673 410 732 maxime
434 671 597 732 cavendum
622 680 676 752 est,
699 689 737 732 ne
760 690 814 750 per
837 689 911 732 uvae
938 671 1113 732 destillantis

97 770 151 821 aut
175 758 362 820 exulceratae
386 762 491 820 vitium
514 762 578 838 ipsa
601 763 714 821 musica
738 761 867 820 hominis
891 767 1032 840 corrupta
1052 760 1113 820 lan·

97 857 223 928 guescat
250 848 443 928 pulmonique
472 856 502 909 et
529 849 680 909 stomacho
708 849 824 927 plagam
847 849 969 930 inferat,
996 848 1113 910 lumbos

97 955 221 1018 quoquc
252 955 400 1017 renesque
429 937 570 998 dissolvat
603 945 633 997 et
661 939 784 1016 incipiat
811 956 899 998 umor
925 939 1032 998 noxius
1060 955 1114 1016 per

57 1043 82 1084 1o
96 1029 222 1105 inguina
251 1032 281 1086 et
309 1044 397 1086 coxas
421 1033 452 1085 et
476 1044 562 1086 crura
587 1026 750 1087 decurrens
774 1025 871 1087 lacere
895 1028 1114 1087 contractiones

96 1115 229 1176 talorum
257 1122 345 1193 atque
374 1132 534 1175 nervorum
561 1113 761 1193 paulatimque
790 1115 903 1176 auferat
926 1133 1047 1192 gressus
1070 1123 1113 1176 to·

95 1213 191 1283 toque
225 1221 336 1281 organo
367 1202 539 1263 tabescente
576 1203 735 1264 videamini
764 1205 864 1282 potius
892 1206 1113 1282 consumpsisse

95 1293 251 1354 bominem
274 1309 362 1370 quam
387 1309 516 1373 curasse,
540 1310 608 1352 cum
629 1310 698 1352 vere
717 1291 845 1352 violenta
864 1299 959 1352 morte
977 1293 1113 1352 rideatur

96 1382 135 1442 de
164 1381 221 1441 bac
249 1379 315 1440 luce
343 1382 480 1459 migrare.
526 1379 600 1442 llam
629 1383 655 1440 si
678 1398 818 1459 ceparum
842 1380 977 1441 acritudo
1000 1380 1167 1460 aliquo-10

55 1487 81 1528 rc
95 1473 179 1531 tiens
199 1467 285 1530 nobis
304 1487 365 1530 non
380 1469 626 1530 manducantibus
643 1471 754 1530 nostris
769 1477 867 1530 tamen
882 1469 976 1530 oculis
990 1469 1113 1530 molesta

95 1567 158 1640 est,
189 1566 240 1618 aut
267 1560 383 1640 senapi,
410 1557 462 1618 ubi
490 1564 519 1618 et
547 1557 605 1618 mel
632 1560 773 1639 mittitur,
800 1557 888 1618 leniri
910 1561 1030 1636 penitus
1053 1577 1113 1618 non

93 1654 213 1728 potest,
241 1646 293 1707 sed
320 1646 417 1706 calore
442 1649 506 1707 eius
530 1655 709 1707 commotum
734 1645 892 1706 cerebrum
915 1649 956 1706 ita
979 1646 1112 1725 desudat,

93 1745 130 1798 ut
155 1734 260 1812 oculos
284 1743 314 1796 et
337 1753 424 1796 nares
448 1753 516 1796 acer
540 1753 626 1795 umor
651 1733 784 1814 iniestct,
813 1735 884 1812 quid
908 1742 1047 1812 putamus
1070 1733 1114 1793 illi

92 1827 263 1906 patiuntur,
289 1824 397 1904 quibus
421 1826 500 1886 circa
524 1822 626 1884 oculos
650 1841 721 1883 cura
744 1840 851 1882 rursus
875 1830 926 1882 aut
948 1824 1010 1900 igni
1032 1822 1112 1882 adbi-

52 1931 79 1972 ao
93 1915 189 1976 betur
213 1920 264 1973 aut
287 1909 391 1973 ierro?
434 1911 546 1992 Quare,
568 1914 743 1992 imperator,
766 1910 855 1970 fidem
878 1913 989 1971 nostris
1013 1919 1112 1972 aucto-

93 2003 184 2064 ribus
213 2001 399 2062 adhibentes¹
419 2019 480 2062 non
507 2000 664 2061 credamus
694 1999 933 2079 quibuscumque
957 1999 1113 2059 medicinis

93 2111 152 2153 nec
173 2090 292 2150 vulneri
310 2089 418 2151 vulnus
437 2090 698 2168 superponendum
717 2097 866 2172 putemus,
886 2087 938 2149 sed
957 2089 997 2148 ita
1017 2089 1112 2166 aegris

93 2179 266 2242 remedium
288 2179 503 2258 porrigendum
527 2196 591 2238 esse
616 2178 780 2259 credamus,
804 2186 838 2238 ut
858 2195 954 2257 neque
974 2175 1112 2256 gravibus

93 2269 257 2330 tormentis
285 2285 382 2346 neque
411 2266 591 2328 intolerabili
614 2267 778 2328 medicinae
802 2269 955 2328 curatione
977 2267 1112 2326 crucien-

56 2372 80 2414 m
93 2367 154 2420 tur.
205 2355 295 2416 Plura
323 2373 394 2434 ergo
422 2356 459 2416 de
488 2355 693 2416 observatione
721 2356 885 2417 medicinae
913 2357 1017 2435 pietati
1044 2363 1112 2415 tuae

93 2466 127 2508 ac
150 2447 281 2525 posteris
305 2446 365 2505 tuis
385 2444 472 2524 digna
491 2448 634 2504 memoria
653 2444 769 2525 tradidi,
789 2463 864 2523 quae
882 2444 1018 2504 homines
1033 2443 1112 2504 docti

93 2536 139 2596 de·
152 2535 287 2613 expertis
306 2533 447 2594 remediis
465 2533 670 2613 prodiderunt,
689 2551 765 2612 quae
783 2541 832 2593 tua
853 2532 950 2593 divina
968 2533 1113 2592 serenitas

94 2643 149 2685 oro
175 2623 322 2701 suscipiat
345 2629 376 2682 et
399 2621 434 2682 ad
458 2622 630 2682 memoriam
655 2623 763 2682 ceteris
786 2621 943 2700 relinquat.

169 2801 186 2850 6
207 2791 377 2848 destillantis
398 2796 448 2846 1m
466 2790 630 2846 distillantis
648 2796 705 2848 2m.
790 2797 805 2846 't
824 2791 915 2860 ipsum
934 2789 1066 2845 uissicam
1084 2791 1113 2845 h.
1132 2813 1145 2846 a

92 2866 269 2992 ppgrpppam.
348 2869 380 2918 16
399 2861 534 2934 mittitur]
553 2863 687 2918 miscetur
706 2862 864 2918 Ocrccrm.
944 2867 976 2916 19
996 2860 1112 2916 adhibe-
