2540 3802
509 144 662 209 -228
711 179 752 188 -

125 319 188 392 vet,
216 316 250 370 ut
278 307 329 367 illo
352 307 452 368 triduo
475 309 654 385 purissimus
678 314 708 367 et
731 306 950 384 digestissimus
974 306 1013 363 sit
1036 312 1068 364 et
1092 305 1149 365 fri·

126 400 224 477 gidam
242 415 302 460 non
321 395 403 457 bibat
422 415 520 476 neque
545 397 653 457 salsum
673 395 783 474 aliquid
802 402 853 454 aut
872 392 958 454 dulce
972 393 1148 455 manducet.

75 501 107 550 25
127 487 224 547 Violas
252 495 385 564 agrestes
415 487 476 546 sive
505 485 655 545 silvestres
683 491 822 544 conteres
850 489 880 542 et
909 499 1015 541 sucum
1039 500 1149 544 earum

129 596 196 637 cum
215 577 280 654 pari
298 575 431 654 pondere
450 573 545 633 mellis
564 573 712 650 decoques
731 581 761 632 et
780 589 816 630 ex
837 590 872 631 eo
891 569 1037 630 coclearia
1056 578 1149 632 terna

128 668 228 726 ieiuno
252 664 288 724 ad
312 663 390 723 diem
413 663 565 722 iecoritico
584 659 680 740 dabis;
705 659 741 720 ad
759 659 861 720 lateris
880 666 979 720 autem
999 657 1177 742 dolorem,s

129 757 155 814 si
178 772 213 814 ex
236 753 345 812 iecoris
369 768 458 810 causa
481 749 583 831 fuerit,
609 748 703 828 thymi
727 749 872 826 scripulos
896 749 971 808 duos
995 755 1025 807 et
1049 766 1148 828 aquae

129 843 313 922 quartarium
337 839 492 899 dimidium
514 841 633 898 ieiunus
656 837 746 897 bibet.

76 943 109 990 aa
219 929 400 1007 Compositio
423 927 627 988 medicaminis
650 926 686 986 ad
710 929 807 1006 iecur,
834 924 912 1003 quod
936 923 1150 986 diatessaron

128 1019 252 1080 dieitur:
276 1017 360 1077 Costi
383 1048 425 1060 —
444 1015 466 1096 l,
489 1016 675 1093 faenograeci
696 1048 741 1056 -
759 1013 780 1093 l,
803 1013 901 1073 inulae
925 1013 1034 1072 radicis
1057 1045 1097 1058 -
1126 1013 1149 1094 1,

127 1105 251 1168 feniculi
269 1105 435 1164 radicis-
450 1103 470 1164 l.
502 1102 581 1163 Haec
602 1105 699 1163 omnia
717 1104 877 1181 separatim
896 1101 1055 1180 diligenter
1075 1110 1149 1163 tun·
1165 1119 1190 1157 10

129 1196 182 1254 des
210 1200 241 1252 et
269 1191 414 1251 cribrabis
443 1199 473 1250 11
500 1191 743 1250 delicatissimum
770 1190 925 1268 pulverem
955 1190 1149 1252 mensurabis

129 1290 159 1342 et
187 1287 291 1358 postea
319 1277 528 1358 permiscebiS,
560 1278 612 1337 sed
642 1279 674 1336 in
702 1277 763 1337 sole
791 1281 891 1338 omnia
918 1278 994 1338 bene
1023 1281 1149 1360 siccato,

131 1375 289 1446 antequam
313 1366 491 1446 contundas‘,
519 1373 549 1426 et
575 1367 606 1424 in
635 1383 693 1425 una
720 1367 840 1443 potione
864 1367 998 1428 cocleare
1021 1367 1151 1446 plenum

129 1459 228 1536 mitte3
258 1473 329 1515 sano
359 1473 394 1514 ex
422 1456 504 1534 vino,
532 1453 712 1514 febricitanti
740 1472 776 1513 ex
804 1473 880 1533 aqua
908 1455 1002 1516 calida
1029 1456 1078 1515 vel
1110 1475 1151 1517 ex

129 1545 224 1606 mulsa
249 1563 338 1624 aqua,
361 1551 395 1604 ut
417 1549 550 1603 ventrem
575 1542 676 1622 solvat,
700 1544 785 1620 potui
807 1545 907 1604 ieiuno
931 1562 985 1622 per
1009 1544 1150 1606 triduum
1167 1560 1193 1600 15

131 1633 227 1714 dabis,
256 1635 296 1693 ita
319 1639 353 1693 ut
376 1639 497 1710 accepta
520 1633 639 1710 potione
662 1633 693 1690 in
717 1631 822 1691 dextro
845 1631 938 1693 latere
963 1632 1151 1711 aliquamdiu

129 1726 224 1784 iaceat
243 1730 273 1782 et
287 1729 390 1800 postea
404 1721 456 1782 diu
470 1719 638 1780 deambulet
657 1726 687 1779 et
703 1719 920 1798 digestissimus
935 1720 1018 1781 eibos
1034 1731 1152 1803 sumat3

131 1812 188 1872 hoc
211 1811 343 1871 remedio
368 1813 472 1870 scitote
496 1807 570 1868 nihil
591 1827 656 1868 csse
675 1811 885 1890 praestantius,
908 1811 997 1870 etiam
1017 1811 1044 1870 si
1062 1810 1152 1872 femi-

130 1903 186 1980 1111,
210 1899 262 1960 sed
286 1918 345 1959 non
368 1896 599 1976 praegnantibus
623 1897 719 1957 detur.

77 2002 110 2050 27
220 1987 262 2047 De
280 1987 378 2048 medio
398 2005 465 2047 osse
485 1988 592 2066 sepiae,
612 1985 690 2064 quod
705 1991 751 2044 est
765 1984 861 2064 molle,
879 1984 1034 2062 pulverem
1053 1986 1152 2048 facies
1167 2005 1196 2044 10

132 2085 163 2138 11
180 2077 212 2136 in
230 2079 373 2136 mixtione
392 2075 504 2134 conditi
523 2075 627 2151 optimi
647 2074 799 2134 iecoritieo
819 2074 919 2132 ieiuno
938 2092 992 2153 per
1011 2074 1153 2136 triduum

133 2164 227 2244 dabis,
249 2167 290 2226 ita
309 2166 391 2224 utin
410 2163 514 2222 dextro
533 2161 625 2221 latere
649 2161 828 2240 aliquamdiu
848 2162 951 2242 iaceat,
975 2180 1045 2222 cum
1064 2181 1152 2224 acee-

81 2265 114 2313 28
134 2255 221 2333 perit,
244 2261 274 2312 et
296 2260 400 2331 postea
423 2251 590 2310 diutissime
613 2248 790 2310 deambulet.
833 2249 877 2308 Ad
900 2251 1043 2310 iocineris
1066 2251 1153 2312 dolo-

134 2357 199 2400 rem
217 2340 382 2399 remedtum
401 2341 458 2399 sic:
481 2336 646 2398 lntiborum
665 2339 729 2398 suci
743 2338 888 2418 heminae,
912 2357 1005 2417 aquae
1024 2340 1152 2418 cyathos

134 2438 197 2489 tres
220 2427 359 2487 miscebis
383 2425 471 2486 simul
494 2434 524 2486 et
547 2425 674 2486 calidum
697 2425 790 2506 dabis,
813 2425 908 2486 donec
929 2434 1026 2487 totum
1045 2428 1152 2489 triduo
1169 2445 1201 2487 cs

135 2513 323 2596 perbibatur3
347 2515 426 2593 quod
450 2517 475 2574 si
494 2532 530 2573 ex
547 2515 613 2592 ipso
632 2514 734 2574 dolore
753 2516 802 2574 cui
820 2513 1000 2574 medendum
1020 2523 1066 2575 est
1085 2523 1153 2577 tur-

137 2603 224 2682 gidus
253 2610 283 2662 11
312 2603 477 2681 indigestus
510 2603 613 2684 luerit,
645 2621 769 2680 porrum
801 2604 963 2680 capitatum
994 2605 1154 2667 incoctum

84 2705 116 2751 29
136 2689 303 2752 manducet.
349 2690 522 2751 Gentianam
551 2709 586 2750 ex
609 2708 696 2768 passo
720 2690 869 2769 decoques
893 2698 923 2750 et
945 2693 1046 2752 ieiuno
1071 2695 1154 2753 ieco-

83 2791 117 2840 30
136 2781 223 2840 ritioo
246 2798 301 2858 per
319 2779 452 2840 triduum
470 2778 628 2839 bibendam
647 2778 738 2839 dabis.
765 2778 881 2857 Piperis
900 2778 959 2839 albi
977 2797 1070 2858 grana
1089 2779 1155 2862 XL,

136 2867 234 2930 salicis
257 2867 326 2928 solia
349 2866 384 2926 ad
407 2867 484 2927 hanc
507 2885 685 2948 mensuram,
709 2875 743 2927 ut
762 2866 920 2927 fasciculus
939 2869 1020 2928 iuter
1039 2869 1154 2947 digitos
1170 2885 1202 2925 oo

136 2957 212 3016 duos
233 2964 263 3016 et
281 2955 418 3034 pollicem
436 2963 582 3037 teneatur,
604 2957 773 3016 cucumeris
792 2973 911 3033 quoque
931 2963 1077 3034 quantum
1096 2960 1155 3018 tri-

136 3044 193 3105 bus
221 3043 321 3122 digitis
349 3044 452 3106 tollere
480 3046 614 3123 potueris
642 3052 764 3104 contere
791 3045 823 3102 in
849 3061 942 3103 unum
965 3051 996 3104 et
1018 3063 1075 3123 per
1098 3049 1156 3106 tri-

139 3134 231 3194 duum
253 3135 406 3194 iecoritico
429 3134 529 3193 ieiuno
553 3133 590 3192 da
612 3151 648 3194 ex
672 3151 747 3210 aqua
770 3131 863 3192 calida
886 3130 1060 3192 bibendum.

85 3233 118 3280 31
228 3223 309 3284 Costi
327 3225 519 3301 semunciam,
538 3221 617 3282 aloes
636 3220 785 3301 epatitidis
807 3251 845 3262 -
861 3217 883 3298 l,
904 3219 1066 3280 masticbes
1086 3239 1157 3299 gra-

138 3330 245 3374 norum
264 3311 361 3394 -11,
385 3312 531 3392 eupaterii
550 3343 592 3354 -
611 3310 633 3390 l,
655 3310 768 3388 piperis
790 3339 826 3349 -
848 3306 884 3388 ll,
903 3309 1011 3367 amomi
1030 3327 1157 3372 semun·
1173 3323 1202 3364 as

227 3499 344 3555 3400011
354 3499 537 3572 semunciam]
545 3502 579 3568 cf.
588 3501 663 3555 Ptin.
673 3497 706 3554 de
715 3511 744 3551 rc
753 3494 820 3550 med.
826 3493 861 3562 ΙΙ,
869 3495 958 3564 17(ed.
964 3494 1163 3571 11101701).
