2564 3794
560 149 595 156 -
648 113 711 176 112
739 87 798 158 *-

171 283 201 334 et
228 275 383 334 formatam
412 273 532 352 pilulam
560 274 719 334 rotundam
742 275 865 335 naribus
887 277 1016 356 inseres3
1043 275 1183 335 omnihus

118 371 151 420 68
171 365 250 422 vitiis
272 371 413 440 purgatas
437 381 524 423 nares
544 365 603 423 cito
622 364 658 423 ad
678 365 833 424 sanitatem
852 363 1007 442 perduces
1039 363 1183 443 Polypum

171 451 308 511 emendat
326 451 416 511 herba
436 451 658 533 proserpiualis,
677 470 752 531 quac
767 451 878 512 Graece
898 453 1099 532 draconteum,
1117 451 1182 512 Gal·

170 540 226 599 lice
250 543 369 618 gigarus
393 540 565 620 appellatur,
588 540 634 600 vel
658 542 684 599 si
708 559 798 600 sucus
821 543 886 600 eius
908 541 1029 601 naribus
1048 541 1183 600 infunda-

171 637 221 688 tur
243 629 288 688 vel
317 631 343 688 si
370 647 499 707 papyrus
528 629 596 688 inde
619 629 728 688 inlecta
752 637 783 688 et
806 629 927 706 specillo
950 629 1080 690 involuta
1104 631 1212 689 nari-s

170 716 228 777 bus
246 719 396 777 inseratur
415 725 445 777 et
463 725 580 796 postera
601 717 648 776 die
668 717 820 777 educatur.
860 716 969 778 Omnes
988 721 1067 778 enim
1087 717 1184 777 morbi

118 811 151 860 oa
171 805 285 865 radices
310 805 425 866 extrahi
444 809 509 866 eius
527 807 687 865 iniectionc
706 805 896 865 manifestum
915 813 969 866 est.
1005 805 1099 866 Nares
1118 823 1183 884 gra·

170 895 245 954 viter
273 893 387 954 olentes
416 895 552 954 emendat
580 912 670 954 sucus
697 893 825 954 hederae
857 895 1029 972 frequenter
1056 895 1182 955 inlusus

118 989 152 1036 60
171 981 263 1042 Cuius
286 1001 373 1042 nares
396 983 544 1062 letabunt,
573 981 799 1062 remediahitur,
828 983 854 1042 si
881 1001 968 1042 nares
997 983 1069 1042 muli
1097 1001 1182 1044 oscu-

170 1069 264 1150 letur3
288 1070 425 1130 similiter
447 1071 582 1150 proderit
600 1069 727 1150 mulieri,
751 1073 777 1130 si
796 1089 882 1130 nares
901 1071 997 1131 mulae
1017 1071 1225 1132 basiaverit.1o

118 1164 150 1212 61
172 1156 229 1226 Qui
252 1158 392 1236 polypum
416 1161 536 1237 patitur,
559 1158 708 1218 brassicae
733 1161 877 1219 erraticae
899 1159 1027 1219 radicem
1048 1168 1183 1220 conterat

171 1255 201 1304 et
229 1247 293 1306 eius
322 1265 426 1306 sucum
454 1247 576 1306 adsidue
605 1246 727 1306 naribus
756 1256 900 1325 quantum
929 1251 1062 1326 potuerit
1084 1249 1183 1329 ducat,

118 1339 151 1386 62
170 1334 248 1392 intra
275 1334 409 1394 triduum
436 1333 657 1394 remediabitur.
700 1335 811 1395 Sucum
839 1335 967 1396 hederae
995 1346 1025 1396 et
1048 1336 1182 1397 aristolo-
1263 1389 1264 1392 ,

170 1423 244 1480 ciam
269 1431 299 1482 et
322 1441 464 1501 cyperum
483 1430 513 1482 et
532 1423 708 1482 draconteae
728 1441 829 1483 semen
849 1433 878 1484 et
897 1424 1059 1485 melilotum
1079 1427 1182 1504 aequis

169 1512 319 1570 mensuris
339 1519 459 1570 contere
479 1530 512 1572 ac
532 1511 653 1571 naribus
672 1511 808 1592 infunde3
832 1531 890 1590 quo
910 1513 987 1572 lacto
1007 1532 1066 1573 non
1086 1513 1182 1574 solum
1198 1533 1225 1573 15

116 1604 149 1652 63
169 1598 307 1678 fetorem,
337 1599 388 1659 sed
417 1601 506 1659 eliam
535 1618 691 1660 cancroma
715 1601 831 1660 narium
855 1601 981 1661 curabis.
1021 1602 1097 1662 Naso
1117 1620 1182 1679 gra·

168 1688 246 1746 viter
269 1687 366 1748 olente
386 1706 476 1748 sucus
495 1688 622 1748 hederae
643 1689 816 1766 frequenter
834 1689 1010 1768 infunditur,
1030 1691 1182 1750 dracontei

169 1794 288 1854 quoque
313 1795 405 1837 sucus
428 1795 497 1836 cum
520 1777 606 1836 melle
629 1777 752 1856 inditur,
775 1796 851 1856 quae
874 1795 924 1837 res
943 1781 1030 1839 etiam
1049 1781 1181 1838 carcino-

116 1869 149 1919 64
169 1873 245 1924 mata
274 1867 409 1944 extirpet.
456 1865 544 1926 Ficus
573 1867 661 1926 etiarn
691 1874 807 1926 veteres
835 1867 979 1926 contritae
1010 1877 1039 1927 et
1066 1869 1098 1926 in
1125 1867 1181 1927 olla

169 1971 238 2012 cum
261 1973 349 2032 posca
374 1961 475 2014 coctae
499 1953 621 2014 naribus
644 1956 837 2034 instipantur3
863 1953 920 2015 hoc
944 1957 1041 2015 omnia
1064 1957 1181 2016 narium
1197 1976 1225 2015 eo

116 2048 150 2096 oo
169 2043 238 2101 vitia
262 2043 408 2103 emendat.
454 2041 529 2102 Ruta
554 2061 589 2102 ex
613 2050 696 2102 aceto
720 2045 781 2102 acri
805 2045 971 2102 conteritur
996 2052 1084 2122 atque
1111 2045 1181 2104 inde

168 2131 290 2207 pinnula
308 2133 501 2209 intinguitur3
524 2149 557 2189 ea
577 2133 607 2190 in
626 2149 713 2190 nares
737 2133 871 2190 coniecta
895 2135 1067 2210 sanguinem
1087 2131 1180 2192 lluen-

116 2227 150 2274 66
169 2225 228 2277 tem
253 2219 412 2278 efficaciter
435 2217 562 2278 cohibet.
600 2218 722 2278 Stercus
744 2220 843 2279 asinae
863 2220 978 2280 aridum
997 2221 1118 2280 naribus
1138 2224 1181 2280 in-

169 2306 288 2366 lrictum
317 2309 491 2383 sanguinem
520 2308 584 2365 siue
612 2309 831 2368 intermissione
859 2306 1000 2368 liuentem
1029 2312 1088 2369 cito
1111 2328 1180 2370 con-

113 2403 150 2464 ,67
169 2396 273 2472 poscit.
319 2394 442 2453 Stercus
471 2393 646 2454 caballinum
675 2397 864 2472 exprimitur,
892 2397 963 2456 dum
991 2416 1096 2458 recens
1125 2409 1179 2472 est,
1196 2417 1224 2456 ae

170 2484 292 2560 eiusque
325 2500 416 2541 sucus
443 2481 566 2542 naribus
594 2483 722 2544 trahitur
755 2483 790 2542 ab
824 2502 871 2564 eo,
909 2488 958 2546 cui
990 2489 1179 2564 inportunius

116 2568 150 2627 68
169 2569 273 2629 tluunt.
320 2569 459 2630 Radicem
484 2571 644 2651 symphyti,
675 2571 754 2649 quod
783 2571 860 2634 alum
889 2573 1032 2634 Gallicum
1061 2574 1180 2656 dicitur,

116 2667 149 2716 69
170 2657 396 2718 commanducet
419 2665 449 2718 et
472 2657 577 2736 glutiat
601 2662 652 2737 qui
670 2659 814 2738 profluvio
839 2663 956 2722 narium
979 2658 1100 2724 laborat.
1135 2663 1178 2722 tu

169 2764 271 2806 aurem
298 2747 431 2807 eiusdem
459 2749 565 2826 partis,
596 2747 632 2806 de
661 2766 717 2825 qua
746 2766 800 2826 per
827 2768 927 2810 narem
957 2755 1077 2829 sanguis
1105 2751 1180 2830 unit,

168 2835 228 2894 dici
251 2843 368 2913 oportet
391 2844 437 2894 ter
460 2837 562 2895 novies
587 2853 735 2913 σοκσοκαμ
758 2854 888 2915 συκυμα;
913 2841 1000 2902 etiam
1019 2849 1121 2916 postea
1141 2842 1179 2900 si·
1194 2859 1223 2898 eo

115 2923 278 2984 lumiliter
301 2924 390 2984 dices.
437 2923 556 2984 Scribes
584 2925 614 2983 in
643 2924 743 2984 charta
767 2929 880 3004 virgine
903 2937 933 2988 et
956 2927 1030 2987 collo
1055 2945 1178 3005 suspen·

168 3012 220 3072 des
244 3011 304 3072 lino
328 3012 396 3072 rudi
418 3011 541 3090 ligatum
567 3012 661 3072 tribus
685 3013 770 3074 nodis
797 3017 837 3095 ei,
865 3019 916 3093 qui
943 3015 1088 3094 prolluvio
1112 3033 1177 3075 san·

115 3110 148 3158 71
168 3102 266 3180 guinis
280 3101 406 3161 laborat:
424 3115 515 3179 ψαψ
526 3123 538 3162 ε
549 3115 857 3180 ψηψεψηψαψε.
879 3103 909 3164 Si
924 3106 955 3164 in
969 3123 1058 3165 manu
1073 3104 1177 3164 dextra

237 3259 255 3307 4
279 3253 303 3309 ai
325 3271 376 3312 om.
400 3260 463 3310 aule
486 3272 575 3310 sucus.
667 3260 683 3310 5
710 3253 828 3322 spicillo.
921 3263 954 3312 13
978 3257 1177 3314 aristolocium.

168 3331 201 3379 19
221 3325 356 3398 extirpet]
375 3325 500 3394 exurpel.
582 3326 669 3380 ollam
688 3341 750 3379 com
769 3341 862 3394 posca.
944 3333 978 3382 22
998 3328 1179 3402 intinguitur]

166 3394 307 3522 ppliffiumm
380 3394 966 3466 2766616666(8666661666611.
1048 3407 1081 3454 31
1101 3401 1179 3456 dicia.

21 3691 125 3762 A
