2540 3802
499 19 631 132 -eoa
680 103 742 145 -,

98 229 191 308 aloeS,
205 227 335 290 absinthi
350 229 481 306 singulas
496 231 608 308 uncias,
624 231 749 290 storacis
765 261 804 272 -
821 229 847 289 ll
858 230 887 310 S,
902 233 984 291 croci
998 264 1036 274 -
1048 231 1076 291 ll
1087 231 1116 312 S,

98 335 189 378 cerae
217 324 247 378 et
274 317 419 377 medullae
447 319 583 378 cervinae
613 317 743 396 singulas
770 317 878 399 libras;
911 327 1057 381 storacem
1086 329 1116 380 et

99 423 223 468 crocum
247 405 343 484 pridie
361 424 478 466 macera
497 408 565 466 vino
584 409 678 466 veteri
696 407 829 467 inlusum
848 409 941 468 etsie
960 408 1118 486 diligenter

99 505 180 574 tere,
207 493 367 557 medullam
396 501 426 554 et
453 513 552 555 ceram
579 496 699 556 remitte
722 497 797 577 igni,
826 503 926 556 cetera
948 505 1037 557 tunsa
1060 499 1117 558 cri·

69 584 247 661 obrataque
271 583 360 642 simul
382 585 474 643 misce
498 591 529 644 et
552 591 653 644 ceroto
677 584 893 662 superinfunde
912 591 942 645 et
965 587 997 644 in
1015 589 1117 664 panni-

95 672 169 734 culo
198 680 284 732 utere
312 671 348 732 ad
373 672 557 732 stomachum
588 671 703 732 duabus
727 671 774 732 vel
800 672 899 734 tribus
921 673 1004 734 horis
1033 681 1063 733 et
1092 677 1117 733 si

99 761 207 821 durius
234 759 385 820 videbitur
413 779 501 838 quam
528 779 595 821 esse
623 759 725 840 debet,
755 760 853 821 oleum
881 762 1038 822 nardinum
1066 770 1118 822 aut

13 847 14 860 ³
99 848 272 927 gleucinum
296 848 356 910 illic
379 849 472 928 adice,
495 856 529 909 ut
547 848 708 910 mollescat.
739 847 891 928 Hysopum
910 859 1028 911 coctum
1047 869 1116 911 cum
1136 860 1170 909 ⁷0

100 937 229 1016 oxymeli
252 939 372 998 ieiunus
395 938 441 997 vel
468 945 536 1015 post
564 955 668 998 cenam
694 940 745 1016 qui
773 956 827 1016 per
850 938 983 1000 cocleare
1007 939 1116 999 cotidie

57 1043 86 1082 ro
101 1022 237 1107 accipiet,
261 1025 377 1086 iacdius
400 1027 538 1086 conficiet
561 1025 669 1088 cibum.
704 1025 845 1086 Radicem
864 1027 986 1088 feniculi
1004 1029 1036 1087 iu
1055 1029 1117 1087 vini
1136 1037 1169 1086 '11

98 1114 207 1194 ,cyatho
231 1113 327 1174 radito
351 1121 381 1175 et
403 1117 578 1194 priusquam
602 1133 692 1175 cenes
710 1115 757 1174 vel
781 1133 850 1176 cum
869 1114 1030 1176 dormitum
1048 1115 1115 1196 ibis,

99 1205 186 1282 potui
209 1204 328 1283 sumito,
351 1222 409 1282 quo
433 1203 510 1263 facto
534 1203 640 1264 melius
664 1203 789 1281 digeves.
830 1203 950 1264 Laseris
973 1207 1036 1264 veri
1054 1223 1115 1266 mo·
1135 1212 1168 1261 ⁷2

100 1292 201 1352 dicum
224 1309 262 1351 ex
285 1309 378 1370 aquae
402 1292 524 1370 frigidae
548 1291 653 1371 cyatho
677 1291 805 1353 dilutum
829 1291 991 1354 dormitum
1016 1296 1115 1354 iturus

13 1419 14 1450 1
100 1379 185 1460 bibe,
215 1379 409 1457 digestorium
439 1383 548 1441 mirum
577 1382 750 1458 experieris.
795 1379 890 1440 Mellis
920 1382 1010 1442 Attici
1037 1381 1069 1442 P.
1094 1381 1169 1461 1,va

58 1484 86 1526 rs
101 1468 266 1529 vettonicae
294 1471 382 1530 tritae
406 1502 448 1512 -
467 1468 522 1528 llll
553 1471 586 1529 in
613 1487 705 1530 uuum
733 1471 882 1548 permisce
910 1479 940 1530 et
966 1488 1057 1550 poue,
1082 1478 1117 1530 ul

100 1557 285 1638 conferveat;
308 1557 388 1636 quod
411 1576 480 1618 cum
502 1557 732 1638 refrigeraverit,
757 1557 849 1618 iacies
872 1558 1005 1636 pastillos
1029 1561 1115 1619 nucis

99 1645 248 1707 avellanae
280 1646 482 1724 magnitudine
513 1654 542 1706 et
573 1653 642 1724 post
678 1664 780 1706 cenam
815 1647 947 1724 singulos
982 1647 1115 1727 hauries3

101 1753 160 1813 quo
189 1734 266 1794 iacto
294 1738 389 1814 prime
418 1733 567 1814 quoslibet
594 1751 763 1812 concoques
795 1734 886 1796 cibos.
932 1735 1006 1796 Item
1036 1735 1169 1797 alludit

100 1823 265 1884 embamma
289 1823 484 1902 digestorium
508 1825 653 1901 optimum
677 1831 707 1882 et
729 1822 920 1884 utilissimum
944 1827 1001 1886 sic:
1026 1823 1114 1903 Ligu·

13 1971 15 1986 ,
60 1914 171 1972 tostici
193 1912 273 1991 drag.
292 1911 355 1992 llll,
378 1911 540 1990 gingiberis
562 1907 642 1987 drag.
660 1909 682 1991 l,
705 1911 872 1990 petrosilini
891 1910 970 1992 drag.
988 1913 1010 1993 l,
1033 1916 1115 1993 pipe-

13 1995 14 2006 ’
101 2004 143 2061 ris
171 1997 251 2078 drag.
274 2000 300 2079 l,
329 2001 471 2080 epithymi
499 1998 577 2080 drag.
600 1999 614 2060 1
646 2008 677 2060 et
704 1998 808 2060 laseris
837 2001 1001 2078 scripulum
1029 2003 1114 2061 dimi-

101 2090 197 2170 dium3
215 2100 305 2150 tunsa
322 2089 396 2150 haec
414 2107 448 2149 ac
468 2089 626 2167 diligenter
645 2087 774 2148 cribrata
791 2090 915 2149 misceto
935 2107 1004 2149 eum
1017 2106 1114 2167 passo.

102 2177 165 2239 Hoc
189 2179 260 2238 iacit
283 2185 313 2238 et
336 2177 372 2238 ad
397 2196 457 2257 eos,
481 2179 533 2256 qui
556 2176 656 2238 cibum
679 2185 782 2237 tenere
806 2195 866 2237 non
887 2167 1013 2254 possunt
1031 2195 1113 2237 eum-

101 2284 159 2346 que
182 2266 343 2326 vomitibus
366 2269 523 2346 reiectant3
547 2284 616 2326 mox
639 2283 710 2344 ergo
732 2264 785 2326 ubi
804 2265 904 2326 cibum
923 2267 1115 2345 sumpserint,

59 2373 86 2413 ea
101 2355 169 2416 dato
193 2354 344 2434 pastillum
367 2355 403 2416 ad
427 2355 549 2416 modum
576 2357 662 2416 nucis
688 2353 836 2414 avellanae
860 2353 897 2414 de
920 2354 1114 2415 medicamine

101 2446 314 2524 suprascripto
329 2452 360 2504 et
373 2445 409 2505 ad
423 2461 566 2522 praesens
576 2461 627 2504 eos
636 2442 752 2503 abstine
762 2450 843 2523 potu,
858 2445 918 2504 cito
927 2442 1114 2505 remediabis.

190 2531 422 2612 Epithematium
448 2532 740 2592 vehementissimum
768 2532 805 2592 ad
834 2531 934 2592 cibum
956 2533 1113 2593 conlioieu-
1134 2537 1168 2588 ⁷5

101 2624 171 2683 dum
197 2623 252 2682 sio:
285 2620 450 2699 Zingiberis
474 2639 510 2681 ex
533 2627 617 2682 aceto
640 2623 782 2681 macerati
804 2619 836 2681 P.
856 2620 881 2700 l,
905 2623 1116 2701 auripigmenti

101 2710 132 2770 P.
150 2709 173 2788 Ι,
198 2709 329 2770 iaeculae
352 2709 383 2770 P.
398 2709 420 2790 l,
443 2708 533 2770 calcis
552 2711 635 2769 vivae
654 2709 733 2787 drag.
753 2709 788 2790 ll,
812 2709 956 2788 sinopidis
973 2709 1114 2771 Ponticae

60 2815 88 2855 ao
102 2799 133 2860 P.
157 2799 183 2874 l,
210 2798 316 2858 lixivae
340 2795 420 2878 &13
450 2799 520 2859 trita
548 2797 621 2858 haee
649 2800 680 2858 in
708 2797 795 2858 ollam
822 2816 928 2858 novam
955 2800 1056 2859 mittes
1084 2807 1115 2858 et

102 2888 218 2948 lervere
241 2887 332 2947 iacies
356 2885 457 2968 simul,
485 2885 580 2946 donec
607 2886 703 2948 mellis
727 2887 955 2948 crassitudinem
978 2886 1115 2966 habeant,

102 2985 224 3037 etcum
248 2993 323 3054 opus
347 2975 451 3056 fuerit,
478 2974 600 3036 inducta
626 2993 724 3053 panno
753 2975 847 3036 calida
875 2974 1040 3036 visceribus
1066 2975 1114 3036 ad·

102 3083 204 3144 pones
234 3063 309 3126 Cum
328 3063 386 3124 ibis
405 3063 576 3144 dormitum,
593 3063 752 3144 zingiberis
771 3064 922 3126 modicum
940 3063 1115 3147 sublingua
1134 3071 1168 3120 ‘16

102 3161 202 3214 teneto
230 3161 261 3214 et
289 3171 325 3213 ex
352 3171 441 3232 posca
473 3151 566 3214 calida
598 3171 703 3214 manus
736 3152 812 3235 lava,
844 3153 956 3232 optime
988 3152 1114 3230 digeves.

192 3287 395 3345 astorachem.
469 3286 626 3341 aoximeli.
700 3293 733 3342 10
751 3287 881 3356 accipiat.
950 3291 981 3339 12
1001 3285 1114 3354 digeris.

103 3359 176 3432 vari]
194 3357 261 3414 vivi.
336 3364 369 3413 18
388 3357 513 3428 apprime
533 3358 695 3414 Cosconius.
758 3371 945 3426 conquoquee.
1013 3361 1048 3410 24
1066 3355 1117 3411 ubi

104 3446 153 3486 om.
225 3436 261 3485 29
280 3429 421 3500 senopidis
439 3429 595 3498 pontiaoae.
669 3433 704 3482 at
723 3427 847 3496 degeres.
