2518 3806
500 144 740 208 -373-

110 303 278 384 adpositum
301 322 356 364 nec
384 306 483 364 minus
510 303 592 364 utilis
623 311 668 364 est
693 304 845 383 portulaca
866 312 955 384 atque
973 305 1123 387 plantag03

112 394 235 472 spongia
264 410 381 472 quoque
410 392 524 452 Rhodia
551 391 598 452 vel
621 393 757 453 Africana
787 392 883 452 mollis
911 411 947 454 ex
975 412 1049 472 aqua
1073 395 1123 453 iri·

111 481 179 558 gida
207 481 341 560 adposita
367 482 462 561 iuvat;
494 480 590 540 lanam
621 483 708 541 etiam
738 481 870 542 sucidam
899 499 966 542 rosa
999 492 1029 542 et
1056 483 1123 542 rino

110 569 251 630 infectam
274 570 345 648 poni
368 570 518 649 convenit3
543 567 669 628 subinde
688 577 786 630 autem
806 569 879 629 haec
899 571 996 630 omnia
1015 573 1124 630 mutari

84 665 239 737 coportet,
263 659 437 736 priusquam
460 655 603 717 calefiant.

9 807 10 816 ξ
200 745 326 805 Prodest
349 753 379 805 et
401 745 565 806 lomentum
588 744 671 806 fabae
694 745 814 806 molitae
834 764 902 806 cum
922 747 984 806 suis
1004 745 1124 805 valvulis
1143 763 1178 812 40

9 829 11 834 ’
111 833 221 894 lactum
242 841 324 893 aceto
344 851 377 893 ac
396 833 482 893 melle
502 833 629 893 dilutum
648 841 736 913 atquc
755 836 795 894 ita
813 835 1000 915 impositum3
1025 833 1125 906 educit

9 931 11 1004 ff
112 923 191 982 enim
215 923 387 1000 sanguinem
411 928 442 981 et
465 921 596 980 dolorem
619 921 704 1004 levat.

200 1009 280 1070 Belle
308 1009 420 1069 iaciunt
452 1019 482 1068 et
509 1009 583 1068 mala
611 1012 704 1070 citrea
732 1028 820 1088 quam
844 1012 968 1070 maxima
992 1013 1176 1090 quinquen

9 1139 10 1142 ¹
71 1106 196 1181 io-cocta
219 1115 255 1157 ex
279 1099 355 1157 aceti
373 1099 510 1158 sextariis
529 1097 635 1178 tribuo,
660 1097 754 1159 donec
772 1098 888 1158 madida
907 1099 991 1179 liant3
1016 1097 1124 1178 quibus

9 1193 10 1196 ’
111 1187 192 1246 tritis
215 1185 343 1247 adicitur
366 1185 503 1246 aluminis
526 1185 590 1246 fissi
612 1188 699 1246 uncia
722 1204 790 1267 una,
813 1205 928 1266 myrrae
953 1188 1040 1248 uncia
1065 1205 1124 1247 una

9 1341 10 1344 Ἴ
111 1281 200 1353 atque
224 1276 264 1334 ita
288 1273 470 1353 malagmatis
493 1293 575 1334 more
599 1274 725 1335 ferventi
747 1274 894 1354 podagrae
924 1279 1126 1355 imponuntur.

200 1362 280 1422 Bene
304 1363 375 1423 lacit
398 1371 428 1424 et
451 1363 513 1423 aloe
533 1370 616 1424 aceto
636 1363 728 1424 diluta
750 1371 780 1424 et
798 1382 852 1442 per
870 1364 1024 1442 pinnulam
1042 1363 1123 1442 pedi·
1142 1375 1176 1424 42

112 1449 170 1510 bus
188 1450 323 1530 inducta3
342 1453 443 1529 opium
463 1469 581 1530 quoque
600 1451 675 1511 lacte
694 1450 833 1510 muliebri
852 1451 977 1512 dilutum
997 1461 1027 1512 et
1044 1453 1124 1511 simi·

74 1557 100 1597 15
113 1537 183 1597 liter
206 1537 322 1598 inlitum
346 1541 435 1599 iurat.

201 1624 325 1684 Mirifice
353 1625 409 1685 boc
438 1625 615 1704 cataplasma
641 1625 787 1704 podagrae
811 1625 933 1686 cuilibet
956 1628 1124 1704 superposi·
1143 1639 1175 1688 43

113 1723 177 1775 tum
204 1713 355 1794 medetur;
383 1713 460 1774 tollit
488 1715 566 1772 enim
594 1713 694 1774 triduo
723 1713 868 1794 dolorem,
896 1713 1018 1773 lomenti
1042 1733 1124 1774 more
1192 1714 1195 1718 ’

113 1803 310 1881 compositum
339 1804 395 1862 sic:
428 1801 562 1861 Feniculi
590 1803 711 1861 seminis
740 1801 837 1880 cyathi
865 1801 939 1880 duo,
967 1804 1062 1863 musci
1088 1802 1125 1862 de

113 1899 217 1968 stagno
237 1889 334 1968 cyathi
353 1889 421 1969 duo,
440 1889 576 1968 polentae
595 1891 694 1949 tenuis
713 1889 810 1968 cyathi
830 1889 897 1950 duo.
926 1889 1125 1950 Commiscen·

9 2025 10 2060 p
73 1998 100 2037 no
113 1987 163 2039 tur
182 1978 254 2038 baec
273 1979 303 2037 in
329 1995 420 2038 rrnum
445 1985 569 2038 contusa
592 1979 661 2038 trita
686 1984 774 2056 atque
793 1977 906 2056 molita;
930 1977 1036 2038 deinde
1056 1997 1125 2039 con·

114 2073 295 2146 sparguntur
323 2084 399 2144 aqua
430 2065 551 2144 pluviali
579 2073 609 2126 et
636 2067 676 2125 ita
704 2072 922 2147 temperantur,
951 2085 988 2126 ne
1017 2067 1126 2127 durum

114 2157 153 2215 sit
180 2154 427 2214 medicamentum
456 2172 529 2214 neve
558 2156 596 2214 sit
620 2161 760 2232 aquatum
783 2155 886 2235 nimis3
914 2155 993 2233 quod
1016 2157 1125 2234 inposi-

113 2251 176 2304 tum
204 2244 342 2321 protinus
369 2241 458 2322 levat,
486 2242 516 2302 id
546 2249 591 2302 est
617 2244 696 2302 intra
723 2241 856 2302 triduum
884 2241 960 2303 tollit
984 2243 1125 2303 dolorem.

114 2330 235 2391 Constat
263 2338 361 2390 autem
390 2348 471 2411 eum,
504 2333 556 2409 qui
583 2330 640 2390 hoc
663 2325 862 2390 'medicamine
892 2339 937 2390 tar
964 2333 995 2390 in
1023 2349 1125 2390 mense

75 2436 101 2477 ac
115 2421 193 2478 inter
222 2418 313 2478 denos
342 2417 405 2478 dies
433 2437 506 2478 usus
535 2419 637 2498 fuerit,
665 2420 696 2478 in
723 2427 810 2478 nocte
839 2437 899 2478 non
922 2418 1125 2480 laboraturum

106 2506 260 2585 podagrae
283 2505 394 2568 dolore.

202 2594 246 2653 dd
274 2593 410 2671 lrigidam
438 2595 611 2672 podagram,
640 2612 714 2672 quae
743 2595 807 2654 sine
831 2602 947 2655 tumore
971 2603 1030 2675 est,
1056 2614 1124 2656 con·
1143 2607 1178 2656 44

113 2683 213 2742 ficitur
239 2681 415 2761 cataplasma
444 2684 500 2743 sic:
534 2682 645 2743 Ciceris
673 2683 751 2760 nigri
778 2681 873 2742 moliti
901 2685 1047 2744 sextarius
1076 2703 1124 2744 co·

115 2773 217 2849 quitur
244 2788 281 2829 ex
309 2789 384 2849 aqua
412 2778 442 2830 et
469 2771 625 2848 diligenter
653 2773 774 2850 teritur,
802 2773 852 2832 cui
879 2771 1006 2833 adicitur
1035 2791 1125 2832 axun-

75 2861 177 2938 aogiac
214 2857 376 2936 pauxillum
414 2867 444 2918 et
480 2859 551 2918 dum
590 2858 666 2919 calet
697 2858 962 2941 medicamentum,
998 2858 1124 2939 pedibus

85 3027 86 3030 Ἴ
114 2949 275 3026 inponitur.

203 3034 401 3112 Facnograeci
428 3037 549 3095 seminis
577 3043 608 3095 et
634 3035 740 3095 hordei
767 3037 878 3097 farinae
911 3036 997 3097 binos
1029 3043 1122 3096 sexta·
1142 3048 1176 3097 45

115 3126 175 3184 rios
195 3122 340 3184 cribratos
359 3125 390 3182 in
409 3141 501 3184 unum
522 3122 660 3183 miscebis
679 3132 709 3182 et
728 3123 876 3203 decoques
896 3143 931 3184 ex
946 3143 1020 3204 aqua
1035 3132 1123 3202 atque

115 3211 204 3273 addes
232 3211 289 3271 olei
318 3211 397 3290 quod
426 3211 554 3272 sufficiat
582 3229 615 3272 ac
644 3211 769 3272 subinde
797 3212 924 3273 calidum
948 3213 1124 3291 cataplasma

204 3352 219 3400 6
248 3345 404 3400 lomentum
431 3345 512 3400 fabae
541 3345 668 3416 molitae]
698 3348 841 3400 omentum
869 3347 1027 3416 caprinum,
1052 3347 1124 3402 item

115 3416 181 3470 faba
199 3415 299 3471 molitu
317 3415 442 3477 Scribon.
550 3415 673 3487 valgulis
693 3416 853 3472 Corporales.
953 3424 987 3473 28
1006 3416 1123 3490 Ciceris]

115 3486 218 3556 piperis
237 3487 360 3543 Scriboni.
