2528 3814
536 161 776 230 -294—

113 343 129 391 9
239 324 283 386 dd
306 325 401 384 tineas
425 323 573 384 necandas
596 324 763 384 remedium
786 331 959 402 competens
983 326 1040 386 sic:
1062 323 1168 386 Ftncis

148 415 257 476 radicis
281 412 392 494 aridae,
417 414 552 474 nasturci
575 414 697 473 seminis
719 411 745 472 ll
769 419 922 493 septenos,
946 411 1096 474 coriandri
1119 431 1167 474 se·

148 505 237 564 minis
265 500 346 582 llV,
374 502 446 562 nitri
474 501 553 562 ΧΗ.
594 500 673 562 Haec
701 504 799 562 omnia
827 503 897 561 trita
925 501 1033 562 dantur
1063 503 1166 564 ieiuno

149 610 218 654 oum
241 609 333 670 aquae
358 590 470 651 mulsae
494 590 620 651 hemina.

97 697 130 746 10
237 679 307 740 blali
329 679 435 740 Punici
458 697 549 740 sucus
572 679 681 740 radicis
704 678 750 739 vel
774 678 912 739 loliorum
932 679 1066 740 eiusdem
1086 696 1191 758 aquae

97 785 129 833 11
149 769 290 830 decoctus
313 769 457 847 potuique
482 785 550 828 cum
574 767 634 828 sale
657 768 743 828 datus
767 769 862 828 tineas
886 775 980 828 necat.
1018 766 1166 829 Marrubii

149 866 179 918 et
207 857 356 919 absonthii
384 863 414 917 et
441 855 612 935 lupinorum
640 857 722 935 paria
751 855 883 936 pondera
909 857 941 916 in
969 875 1046 936 aqua
1069 855 1166 918 mulsa

149 955 232 1008 cocta
260 948 361 1008 ieiuno
389 944 435 1006 bis
464 951 514 1006 aul
542 953 589 1006 ter
616 946 702 1024 potui
730 942 797 1005 data
825 945 983 1005 adversum
1010 947 1106 1006 tineas
1135 953 1165 1006 et

97 1051 129 1099 12
148 1034 310 1096 lumbricos
338 1033 501 1114 plurimum
527 1041 663 1112 prosunt.
704 1031 811 1093 Farina
841 1033 1012 1112 lupinorum
1041 1033 1165 1096 decocta

149 1141 185 1184 ex
213 1141 289 1202 aqua
317 1131 347 1183 ct
374 1141 457 1183 more
486 1122 702 1200 cataplasmatis
728 1124 825 1183 ventri
848 1124 976 1201 inposita
1000 1121 1163 1184 lumbricos
1179 1140 1202 1179 ro

148 1211 194 1271 vol
217 1213 312 1274 tineas
335 1219 431 1271 necat.

96 1316 147 1364 13Ἰ
237 1299 282 1359 dd
308 1297 471 1360 lumbricos
500 1305 530 1358 et
557 1299 652 1358 tineas
681 1297 829 1358 eiciendas
859 1299 1025 1360 remedium
1055 1308 1163 1378 potens

149 1389 206 1448 sic:
243 1386 326 1467 Ervi,
359 1385 485 1447 filiculae
516 1386 633 1446 radices
660 1394 801 1465 purgatas
831 1387 868 1447 ad
899 1390 1002 1448 uncias
1031 1389 1163 1467 singulas

149 1493 285 1536 seorsum
307 1474 416 1536 tundes
440 1474 515 1535 beno
539 1476 570 1534 in
593 1475 652 1553 pila
676 1473 781 1556 lignea,
805 1475 913 1536 deinde
934 1476 1044 1537 adicies
1064 1477 1162 1538 inulae

148 1564 259 1625 radicis
287 1557 327 1650 19·
349 1563 427 1645 Vlll,
456 1565 631 1624 ammoniaci
658 1565 776 1624 unciam
805 1572 835 1624 et
862 1565 1012 1626 coriandri
1039 1568 1163 1626 seminis
1177 1583 1201 1624 15

148 1671 269 1715 manum
291 1652 409 1732 plenam
432 1659 463 1713 et
481 1652 598 1714 eulorbi
617 1651 643 1712 X
661 1651 708 1712 lll.
746 1650 805 1712 Has
825 1671 927 1714 omnes
946 1655 1062 1733 species
1081 1673 1163 1716 seor-

149 1760 216 1802 sum
240 1751 377 1803 conteres
401 1741 477 1802 bene
497 1759 592 1820 usque
612 1740 648 1802 ad
667 1759 811 1801 summam
831 1741 980 1803 levitatem
1000 1751 1030 1803 et
1048 1744 1075 1804 si
1093 1745 1163 1804 riri·

148 1830 194 1892 dis
219 1830 310 1891 luerit
332 1829 416 1891 radix
434 1829 571 1911 srlioulae,
595 1829 713 1909 quando
732 1829 812 1890 illam
830 1830 948 1912 tundes,
971 1849 1078 1892 sucum
1098 1834 1163 1893 eius

149 1921 297 1999 exprimes
320 1928 350 1980 et
372 1921 471 1999 ipsum
491 1917 678 1980 admiscebis.
711 1917 814 1979 Facies
833 1919 939 1998 pilulas
959 1921 1162 1999 magnitudine

148 2025 191 2089 ea,
215 2026 273 2087 qna
296 2026 352 2068 ano
375 2009 447 2068 inici
469 2009 594 2087 possint,
617 2009 756 2085 ipsasque
775 2007 867 2069 lactas
886 2008 1025 2069 infundes
1045 2011 1076 2070 in
1098 2027 1161 2070 cer·
1177 2027 1202 2066 eo

147 2098 245 2157 rosiae
274 2114 365 2157 novae
395 2099 531 2156 sextariis
559 2095 676 2156 duobus
704 2103 735 2156 et
762 2095 857 2157 mellis
886 2095 1004 2177 cyath03
1033 2098 1164 2176 quodsi

148 2187 180 2246 in
208 2203 242 2245 ea
269 2185 422 2263 provincia
450 2183 617 2244 laciendum
645 2183 736 2244 fuerit
762 2183 818 2245 hoc
842 2185 1105 2267 medicamentum,
1132 2189 1162 2247 in
1255 2203 1256 2210 ¹

149 2291 208 2351 qua
231 2274 356 2333 cervisia
379 2290 439 2332 non
463 2281 521 2353 est,
547 2291 582 2333 ox
606 2290 682 2350 aqua
705 2271 799 2354 dabis,
822 2275 853 2333 in
879 2292 936 2352 qna
959 2281 1055 2353 myrta
1079 2283 1162 2335 cocta

149 2362 188 2421 sit
211 2360 247 2420 ad
271 2363 416 2421 sextarios
435 2359 519 2443 duos,
542 2369 593 2421 aut
612 2379 680 2421 cum
700 2379 787 2439 sapae
806 2363 915 2423 mixtae
934 2364 1071 2423 sextariis
1091 2353 1162 2424 d‘uo-

148 2447 206 2508 bus
230 2457 318 2528 atquo
342 2467 378 2510 ex
402 2467 437 2510 eo
461 2448 641 2528 temperabis
665 2451 816 2527 potionem
839 2459 869 2510 et
887 2450 970 2510 dabis
990 2449 1162 2532 bibendam,
1176 2467 1201 2508 aa
1254 2527 1255 2534 ἵ

148 2539 227 2597 intra
250 2536 339 2598 horas
362 2536 415 2598 llll
438 2538 545 2598 deiciat
565 2545 682 2617 oportet
701 2538 879 2600 vermiculos
898 2538 945 2598 vel
962 2541 1071 2621 tineas;
1095 2547 1163 2600 ante
1254 2537 1255 2542 ’

148 2626 282 2686 triduum
311 2643 381 2686 sane
408 2625 526 2688 iubebis
554 2645 623 2687 oum
651 2625 744 2687 cibari
767 2626 824 2687 alio
848 2636 879 2688 et
901 2645 976 2706 pane
1000 2645 1054 2705 per
1078 2646 1110 2689 se
1134 2635 1164 2689 et

148 2714 354 2776 tantummodo
377 2733 497 2794 poscam
520 2714 632 2776 bibere.

97 2803 131 2852 14
239 2802 444 2864 lnilationibus
471 2805 682 2864 intestinorum
710 2803 834 2881 prodest
856 2803 903 2864 vel
926 2803 1089 2882 serpullum
1112 2823 1163 2884 po·
1253 2859 1254 2866 ,

149 2898 215 2952 tum
238 2909 275 2952 ex
298 2893 366 2952 vino
389 2891 474 2970 nigro
493 2891 540 2952 vel
559 2892 711 2952 cuminum
731 2891 897 2954 silvaticum
915 2893 1020 2954 tritum
1040 2911 1076 2953 ex
1094 2896 1201 2954 vinoso

148 2981 236 3058 nigro
259 2979 306 3040 vel
329 2998 404 3059 aqua
427 2989 496 3060 pota
519 2981 651 3060 apiastri,
676 2980 755 3060 quod
780 2980 886 3042 Graeci
908 2983 1025 3042 erotion
1048 2991 1163 3063 vocant,

148 3087 204 3148 per
232 3086 264 3129 se
290 3069 358 3130 data
381 3069 426 3130 vel
450 3087 540 3130 sucus
564 3070 630 3130 eius
652 3071 721 3130 vino
744 3071 856 3130 mixtus
879 3069 926 3130 vel
949 3072 1065 3149 origani
1087 3070 1163 3131 radi·

117 3216 119 3222 s
150 3175 200 3218 ces
229 3166 391 3222 contunsae
424 3157 460 3219 ad
489 3157 514 3217 ll
542 3156 556 3218 1
584 3176 620 3218 ex
647 3159 716 3217 vino
745 3158 829 3218 datae
858 3157 904 3219 vel
931 3167 999 3220 ruta
1027 3160 1097 3220 trita
1127 3177 1163 3220 ex

150 3265 243 3327 aquae
272 3247 385 3328 cyathis
413 3247 467 3308 llll
494 3255 563 3327 pota
592 3244 638 3307 vel
666 3245 800 3307 eiusdem
829 3244 951 3308 decocta
978 3247 1063 3308 radix
1095 3266 1162 3310 cum

240 3389 256 3437 2
274 3383 433 3440 naseituroi.
516 3389 532 3438 6
551 3384 635 3439 delur
651 3385 756 3438 teneas.
838 3382 983 3438 marruuii.
1066 3389 1082 3438 9
1100 3399 1163 3453 pro·

151 3453 226 3523 sunt]
245 3455 368 3523 prodest.
447 3460 480 3509 13
499 3453 657 3509 filicioulee.
737 3459 769 3507 15
789 3452 907 3508 radices.
986 3458 1019 3510 18
1038 3454 1164 3528 quando]
1251 3503 1252 3510 ,

151 3525 299 3588 quomodo.
372 3530 407 3580 20
426 3526 568 3582 cervariae
587 3542 668 3581 nova.
742 3529 776 3578 23
796 3522 916 3579 cervisia
933 3525 959 3579 b.
979 3525 996 3580 l.
1015 3526 1063 3580 alc.
1251 3525 1252 3545 ¹
