2540 3802
487 122 799 190 -257-,

102 293 239 347 conteres
263 294 293 346 et
316 281 457 346 miscebis
481 293 510 346 et
533 287 564 345 in
588 284 703 346 balineo
727 284 822 346 calido
843 285 1002 348 bibendam
1020 288 1115 366 potio·

101 393 170 436 nem
194 373 286 454 dabis,
310 375 419 435 mirum
442 382 495 434 est.

190 463 234 523 ld
257 466 359 525 urinae
378 462 583 524 difficultatem
602 469 632 522 et
650 460 797 524 calculum
815 461 922 523 lotium
940 481 1115 547 caprunum,
1133 475 1168 526 22

100 552 154 613 sed
176 561 350 614 montanum
377 550 511 630 tepidum
539 553 637 631 potari
659 559 778 631 oportet
800 551 931 612 admixto
955 554 1022 616 vino
1046 572 1116 614 cum

73 659 177 720 saqua
196 640 234 701 ob
254 640 418 720 fastidium3
438 642 588 720 cyminum
607 657 726 719 quoque
741 639 923 723 Africanum,
942 641 1021 720 quod
1036 659 1115 702 sum·

99 733 202 790 mitate
225 732 317 790 trium
341 729 501 808 digitorum
524 730 658 808 potueris
681 729 842 810 prendere,
871 747 906 790 ex
929 731 999 790 vino
1022 732 1114 792 mixto

100 817 229 880 calidum
252 817 380 880 bibatur.

189 907 233 967 Ad
253 909 356 969 urinae
375 906 580 968 difficultatem
598 909 713 968 urticae
733 913 877 986 quantum
890 905 1006 968 duabus
1022 909 1113 968 mani·
1133 917 1167 966 23

99 995 156 1056 bus
174 995 314 1075 amplecti
332 997 466 1074 potueris
485 994 660 1056 fasciculum
679 1013 748 1057 oum
761 997 823 1055 vini
836 997 942 1074 congio
957 995 1114 1058 decoctum

57 1103 85 1142 ιο
99 1084 135 1144 ad
166 1084 241 1145 duos
269 1085 414 1145 sextarios
441 1083 559 1162 rediges
588 1091 618 1144 et
640 1101 727 1144 mane
750 1082 912 1144 bibendum
935 1086 1035 1146 ieiuno
1059 1103 1113 1165 per

97 1173 231 1234 triduum
254 1171 346 1233 dabie.

186 1261 303 1322 Herhae
322 1259 508 1321 Mercurialis
527 1278 563 1321 ex
577 1278 653 1339 aqua
668 1259 807 1322 decoctae
822 1263 870 1322 ius
884 1260 999 1324 adiecta
1012 1280 1112 1342 myrra
1132 1272 1166 1322 24

97 1352 168 1410 trita
190 1351 322 1410 vessicae
345 1348 574 1428 lumborumque
593 1347 745 1410 doloribus
765 1349 912 1431 subvenit,
931 1352 957 1411 si
975 1369 992 1410 a
1010 1353 1111 1412 ieiuno

99 1446 218 1516 potetur
242 1437 373 1498 adsidue.

14 1557 17 1564 ⁴
57 1545 84 1584 15
188 1525 231 1586 lo
255 1525 414 1606 dysuriam,
437 1525 468 1586 id
492 1533 537 1587 est
555 1527 659 1586 urinae
678 1525 892 1606 difficultatem,
916 1534 946 1587 et
965 1527 1111 1589 calculum
1130 1539 1165 1590 25

99 1615 221 1676 echinos
240 1622 303 1675 tere
323 1633 392 1676 cum
410 1613 521 1676 aculeis
540 1615 603 1674 suis
623 1622 653 1674 et
672 1631 708 1674 ex
729 1613 824 1674 mulsa
842 1632 919 1694 aqua
938 1615 1112 1694 frequenter

99 1705 238 1784 accipit03
267 1703 304 1764 ad
331 1703 478 1764 calculum
506 1709 606 1764 autem
630 1701 699 1763 rubi
722 1701 837 1762 radices
861 1704 926 1763 sine
949 1703 1030 1764 ferro
1054 1704 1112 1766 col·

98 1792 172 1871 liges
205 1791 340 1871 lotasque
373 1790 530 1870 diligenter
562 1793 594 1850 in
621 1789 678 1850 olla
705 1807 780 1850 nova
807 1808 918 1870 coques
946 1799 976 1852 et
1003 1811 1039 1852 ex
1067 1811 1112 1874 eo,

99 1879 179 1961 quod
202 1880 363 1963 decoxerit,
386 1898 456 1942 cum
478 1881 556 1959 vino,
580 1881 605 1939 si
628 1896 688 1939 non
707 1877 897 1959 febricitabit,
921 1898 956 1940 ex
978 1899 1062 1962 aqua,
1086 1884 1112 1943 si

57 1988 84 2027 eo
99 1969 375 2050 incommodabitur,
398 1968 561 2030 bibendum
584 1967 677 2028 dabis.

187 2057 294 2120 Cancri
314 2065 422 2119 testam
440 2057 598 2136 diligenter
616 2064 697 2116 teres
716 2063 746 2116 et
764 2057 831 2116 vino
851 2055 990 2118 subdulci
1006 2059 1110 2118 misce-
1129 2069 1163 2119 26

97 2147 144 2207 bis
172 2154 202 2208 et
230 2147 355 2208 colatam
383 2149 534 2226 potionem
562 2143 646 2206 dabis
673 2142 832 2206 bibendam
860 2147 901 2226 ei,
929 2147 982 2225 qui
1004 2145 1110 2208 calculi

98 2235 232 2297 molestia
255 2234 409 2297 laborabit.
450 2234 566 2296 Herbae
589 2232 747 2296 milefoliae
774 2233 859 2294 -11
882 2236 1009 2316 eteius,
1035 2254 1110 2314 quae
1129 2248 1162 2298 tt

97 2323 191 2386 herba
218 2342 302 2385 sacra
325 2324 449 2404 dicitur,
476 2323 653 2384 tantundem
675 2331 755 2383 teres
778 2330 808 2382 et
831 2341 943 2402 coques
971 2342 1007 2384 ex
1035 2342 1111 2403 aqua

58 2430 83 2470 es
99 2421 129 2474 et
161 2431 197 2474 ex
230 2412 316 2474 melle
349 2421 438 2492 atque
469 2414 509 2474 ita
541 2411 700 2472 bibendam
732 2409 816 2470 dabis
848 2413 952 2474 urinae
985 2413 1110 2474 difficul-

97 2509 157 2563 tate
182 2509 212 2562 et
235 2501 348 2563 calculo
371 2500 524 2562 laboranti.
563 2499 664 2560 Mense
683 2498 843 2560 Novembri
865 2508 934 2562 ante
952 2499 1023 2562 ldus
1046 2521 1108 2564 eas·
1127 2515 1161 2565 28

97 2591 165 2651 dem
193 2608 295 2651 semen
323 2590 431 2650 fraxini
458 2589 579 2668 colliges
613 2596 642 2649 et
671 2591 703 2648 in
730 2588 831 2667 tepido
859 2589 947 2650 furno
976 2589 1110 2672 siccabis,

97 2678 145 2740 die
173 2687 293 2758 postera
321 2680 464 2740 siccatum
492 2677 599 2740 tundes
630 2685 660 2737 et
690 2676 835 2738 cribrabis
866 2685 896 2738 et
923 2696 1050 2757 repones
1079 2687 1109 2741 et

97 2785 134 2828 ex
160 2786 196 2828 eo
220 2766 304 2828 dabis
327 2766 474 2828 calculoso
497 2766 534 2827 ad
558 2766 636 2826 diem
659 2784 728 2828 cum
746 2768 814 2826 vino
832 2775 933 2828 vetere
951 2766 1109 2829 bibendam

57 2874 84 2914 eo
98 2855 219 2936 ligulam
243 2873 340 2917 unam.

185 2945 230 3006 Ad
250 2946 369 3006 renium
387 2943 520 3006 dolorem
539 2943 703 3006 remedium
723 2945 778 3006 sic:
801 2944 868 3024 Apii
887 2946 1010 3006 seminis
1030 2943 1108 3026 -1,
1127 2958 1161 3006 29

97 3033 219 3095 feniculi
247 3035 368 3096 seminis
399 3067 439 3081 --
462 3032 488 3115 l,
515 3035 627 3112 piperis
655 3035 846 3094 semunciam.
886 3032 930 3092 Ex
958 3033 1005 3094 his
1032 3032 1109 3094 bene

96 3125 201 3185 tritum
225 3130 255 3184 et
283 3122 446 3184 cribratum
469 3121 622 3201 pulverem
646 3121 737 3182 facies
765 3131 795 3183 et
816 3120 940 3182 habebis
965 3129 1108 3201 paratum,

97 3221 139 3292 ut,
162 3230 231 3274 cum
254 3230 329 3292 opus
353 3213 452 3292 luerit,
475 3209 608 3270 cocleare
631 3209 752 3289 plenum
770 3212 801 3270 in
821 3209 914 3270 calida
933 3227 1008 3288 aqua
1027 3207 1109 3270 bibat

55 3317 82 3358 es
97 3302 224 3382 ieiunus,
248 3303 300 3380 qui
324 3301 424 3362 dolore
448 3300 565 3359 renium
591 3297 744 3358 laborabit.

186 3495 220 3545 29
237 3489 398 3544 bibendum.
471 3492 505 3542 30
523 3485 620 3556 unam]
640 3487 690 3542 est.

150 3590 310 3641 Mascxnnus,
324 3598 363 3630 xo.
378 3588 534 3628 Hannonem.
