2540 3802
525 154 764 220 -180—

83 330 117 379 30
136 318 215 376 sicut
234 323 369 376 cerotum
388 315 509 376 linteolo
528 315 679 376 inductam
694 315 796 393 inponi
810 318 937 392 oportet.
966 309 1007 369 lle
1023 326 1153 410 parony-

136 404 202 465 chia
225 405 369 482 parietem
393 407 547 483 continges
575 413 605 464 et
633 421 753 464 rursum
781 401 908 481 digitum
931 398 1042 504 ducens
1066 396 1154 456 daces

135 501 195 554 ter:
209 491 253 552 Pu
268 510 309 570 pn
323 511 373 572 pu,
387 511 550 572 numquam
565 510 619 571 ego
633 499 663 553 te
680 491 792 552 videam
806 508 861 570 per
873 496 1018 563 parietem
1032 503 1153 564 repere.

82 594 115 643 31
224 581 268 641 Ad
292 581 452 660 digitorum
476 589 506 642 et
530 581 722 642 articulorum
747 578 916 640 suhlnrium
938 575 985 636 vel
1003 591 1153 654 suppura-

135 671 246 730 tionem
275 668 433 731 sedandam
462 677 659 731 atramentum
688 669 879 747 scriptorium
907 683 943 726 ex
969 671 1052 724 aceto
1077 670 1182 722 tem-5

135 775 206 838 pera
229 765 260 818 et
283 757 319 819 de
341 758 463 838 pinnula
486 757 578 819 inlina
603 757 730 837 digitum
749 756 795 816 vel
813 753 971 816 articulum
991 751 1155 854 dolentem,

135 847 274 908 lucernae
304 865 422 926 qnoque
450 847 574 926 fungum
603 854 724 907 contere
757 853 787 906 et
814 846 923 924 inpone
951 839 1155 920 paronychtae

136 934 181 996 vel
205 935 297 1014 digito
321 943 456 996 contuso.
970 1021 977 1034 ι
1028 1020 1034 1033 ¹

83 1034 117 1084 32
226 1023 269 1083 td
288 1023 382 1084 cubiti
401 1026 503 1084 vitium
523 1023 570 1084 vel
588 1022 720 1083 dolorem
739 1039 845 1100 spuma
864 1027 980 1099 argenti
996 1026 1069 1080 trita
1084 1035 1156 1079 cum

136 1109 202 1170 oleo
225 1129 347 1171 rosaceo
372 1111 524 1190 emplastri
546 1110 633 1174 modo
657 1111 771 1172 utiliter
794 1109 976 1170 admovetur.
1170 1122 1201 1162 ιο

539 1304 617 1366 CAP.
637 1304 749 1365 XVllll.

137 1413 191 1468 Ad
213 1411 383 1468 lichenem
404 1413 475 1469 eive
498 1419 711 1486 mentagram
733 1416 790 1471 vel
812 1414 1034 1485 inpetiginem
1056 1414 1091 1468 et
1110 1413 1158 1468 ad

138 1500 397 1570 elephantiasim
419 1504 454 1557 et
476 1501 606 1572 lepram
629 1507 664 1560 et
686 1503 928 1560 exanthemata
948 1505 983 1558 et
1000 1501 1157 1557 maculas

139 1592 174 1644 et
191 1589 316 1646 livores
329 1592 551 1660 tumoresque
565 1593 608 1648 de
622 1592 709 1649 facie
727 1592 914 1648 abolendos
933 1594 968 1646 et
986 1591 1032 1646 ad
1050 1603 1158 1658 genae

138 1678 275 1733 scabrae
298 1680 333 1734 et
356 1678 529 1736 oleatrloea
550 1681 720 1736 malarum
742 1681 937 1750 purgandas
961 1682 997 1735 et
1020 1679 1066 1734 ad
1083 1677 1157 1734 len-

138 1765 259 1834 tigines
292 1769 327 1822 et
354 1767 512 1835 stimate
542 1769 688 1825 delenda
720 1781 951 1837 verrucaeque
983 1767 1159 1822 tollendas

212 1855 382 1910 *remedia
403 1855 616 1912 rationabilia
639 1860 673 1912 et
695 1857 835 1926 physica
858 1857 994 1912 diversa
1017 1856 1060 1910 de

518 1944 770 2014 experimentis.

107 2087 120 2135 1
228 2074 272 2136 Ad
295 2076 442 2137 lichenem
466 2081 527 2139 sire
545 2087 738 2160 mentagram,
761 2079 841 2158 quod
860 2081 965 2140 vitium
984 2079 1160 2158 neglectum

141 2160 216 2220 solet
243 2180 297 2241 per
326 2172 416 2224 totam
444 2165 548 2226 faciem
577 2175 607 2227 et
633 2187 687 2247 per
714 2175 811 2228 totum
839 2186 950 2247 corpus
978 2186 1103 2247 serpere
1127 2177 1161 2228 et

141 2246 243 2324 plures
265 2249 400 2310 homines
419 2254 588 2335 inquinare3
612 2273 680 2317 nam
699 2255 831 2317 Soranus
850 2255 986 2318 medicus
1006 2257 1161 2336 quondam

142 2333 279 2394 ducentis
307 2337 475 2399 hominibus
503 2340 559 2402 hoc
587 2342 691 2404 morbo
719 2343 923 2405 laborantibus
952 2345 1095 2406 curandis
1125 2347 1162 2406 in

142 2417 298 2496 dqcritania
321 2441 352 2483 sc
371 2423 485 2487 locavit.
522 2428 598 2491 Huic
618 2449 688 2509 ergo
706 2432 869 2493 valetudini
886 2435 1016 2494 maxime
1036 2434 1207 2494 medan-15

143 2513 193 2564 tur
221 2509 406 2571 cantharides
433 2515 520 2575 tritae
548 2526 578 2577 et
598 2518 703 2582 ,inlitae
726 2539 795 2580 cum
819 2539 892 2582 suco
915 2527 991 2583 uvae
1014 2523 1162 2584 Amideae

87 2621 90 2629 ·
143 2599 174 2651 ct
196 2610 264 2654 cum
287 2613 356 2656 sevo
380 2600 443 2659 oris
465 2601 511 2661 vel
533 2622 647 2684 caprae,
671 2607 723 2667 sed
747 2611 831 2687 prius
853 2609 928 2670 lacie
946 2609 1007 2670 lota
1027 2620 1059 2672 et
1077 2613 1162 2672 nitro

108 2689 124 2737 2
143 2678 300 2757 diligenter
319 2692 420 2746 curata
434 2689 616 2752 medicamen
630 2695 801 2772 imponitur.
830 2697 930 2776 lldeps
945 2698 1031 2759 vituli
1050 2703 1165 2761 marini

108 2777 125 2824 a
142 2767 270 2844 inposita
289 2779 456 2851 mentagrae
474 2774 635 2854 plurimum
648 2782 779 2860 prodest.
811 2784 930 2846 Ficulni
944 2787 1046 2848 caules
1062 2791 1166 2850 teneri

232 2976 248 3024 5
263 2973 438 3042 scriptorium
448 2977 615 3048 Stephanae:
628 2983 795 3052 scriptorum
810 2987 973 3046 Ooraeariae.
1024 2998 1057 3047 13
1072 2994 1163 3050 Hanc

144 3037 232 3094 loaem
249 3045 404 3112 «clipeiue
422 3047 551 3105 Marcelli
568 3059 618 3106 eat
637 3054 748 3109 librarii
765 3060 935 3129 neglegentia
952 3065 1078 3132 praviter
1098 3079 1160 3121 cor-

143 3114 255 3178 ruptam
277 3127 332 3170 esea
353 3132 367 3171 e
388 3116 470 3173 Plini
491 3126 549 3176 aot.
567 3123 629 3179 latet.
650 3124 774 3193 XXVI,
792 3133 810 3182 4
833 3137 964 3200 apparet,
988 3135 1072 3190 caiae
1095 3137 1166 3192 hoec

143 3185 209 3236 euti
221 3184 316 3240 acrba·
334 3188 441 3242 certum
454 3191 499 3244 eet
511 3191 657 3248 Manilium
672 3192 825 3252 Cornutum
840 3215 856 3253 e
870 3204 1013 3270 praetoris
1028 3205 1164 3276 legatum

144 3267 330 3336 Aquitanicae
347 3274 507 3345 provinciae
521 3278 567 3334 HS
582 3268 629 3336 (ῖῧ
644 3281 768 3338 elocasse
787 3286 817 3339 in
835 3303 869 3343 eo
886 3292 986 3347 morbo
1002 3295 1167 3349 curandum

144 3350 215 3404 aeae;
229 3343 265 3409 cf.
274 3343 474 3402 Pseudo-Plio.
489 3348 522 3403 de
535 3353 627 3407 media.
637 3351 658 3416 1,
668 3357 700 3406 18
711 3355 762 3422 (cd.
773 3354 867 3426 Ros.):
882 3357 1006 3418 Manlius
1017 3361 1165 3421 Cornutus

143 3409 256 3526 praeter
273 3415 434 3482 provinciae
446 3416 631 3485 Aquitanicae
650 3421 761 3492 legatus
775 3425 864 3498 (HS)
878 3427 920 3484 OC
940 3431 971 3486 in
989 3433 1045 3488 hoc
1060 3437 1166 3492 morbo

156 3481 249 3535 coarat
267 3498 297 3537 ee
316 3487 477 3542 curandum.
