2528 3814
471 91 710 156 —273—

82 272 118 314 ex
137 256 205 314 vino
221 253 352 333 Signino,
372 255 398 313 si
415 255 531 314 sincere
546 272 655 332 corpus
670 254 769 334 fucrit,
784 255 879 315 detur.
912 255 974 316 Hoc
990 257 1095 317 efficax

82 343 331 403 medicamentum
345 349 399 421 est,
414 344 440 402 si
454 350 562 424 cetera,
577 361 652 423 quae
667 345 698 402 in
712 342 884 404 huiusmodi
898 347 995 405 causis
1010 363 1095 407 cura·

82 433 158 492 tioni
175 431 220 491 vel
240 430 351 491 cibatui
370 437 440 491 sunt
459 433 635 511 necessaria,
655 431 861 492 observatione
876 438 906 492 et
921 436 1094 511 opportuni·

81 529 142 580 tate
166 537 298 598 congrua
320 519 400 580 fiant.
1106 577 1119 597 s

12 671 16 678 ,
53 629 67 668 s
171 606 319 688 Pastillus,
339 609 391 686 qui
409 607 547 688 clysterio
566 610 727 669 inmittitur
741 611 913 670 torminosis
927 627 982 688 per
995 628 1094 691 anum,
1113 623 1132 670 4

82 714 151 756 cum
174 695 251 756 olida
274 703 304 756 et
327 696 554 774 sanguinulenta
578 697 719 777 deiciunt,
742 697 772 757 id
796 704 842 757 est
865 716 933 758 cum
954 699 1096 759 intestina

82 802 186 844 eorum
210 803 317 845 cancer
341 787 504 866 occupavit,
528 803 586 864 quo
611 787 696 864 quasi
719 788 851 846 cauterio
876 794 947 846 tunc
966 794 1096 847 tantum·

81 872 169 933 modo
188 875 234 933 uti
252 879 378 952 oportet,
397 873 509 954 alioqui
527 882 623 954 nocet,
641 874 768 952 Ideoque
790 893 805 933 a
821 873 999 952 quibusdam
1012 877 1095 952 igno·

8 959 10 1024 ἕ
81 961 218 1022 rantibus
241 969 403 1039 usurpatus
427 971 584 1023 accusatur
608 964 693 1040 quasi
717 965 848 1042 nocivus,
871 965 978 1042 recipit
996 971 1097 1024 autem

8 1077 10 1110 ς
41 1071 67 1111 10
81 1049 170 1110 haec:
208 1049 333 1110 Chartae
367 1049 527 1110 conbustae
560 1052 670 1110 cineris
703 1049 729 1110 X
762 1049 859 1131 XXX,
892 1051 981 1112 calcis
1013 1053 1096 1112 vivae

8 1141 10 1232 ,
81 1137 108 1197 X
132 1136 249 1217 XXIIII,
273 1139 410 1218 arrenici,
434 1139 513 1216 quod
537 1147 582 1199 est
605 1141 865 1219 auripigmentum,
889 1138 914 1198 11
938 1139 1005 1220 Xll,
1029 1158 1095 1200 san·

8 1235 10 1302 t
82 1227 206 1286 daracac
225 1225 250 1284 11
270 1225 315 1286 Vl.
351 1225 431 1287 Haec
449 1228 519 1286 trita
538 1228 606 1287 vino
626 1235 874 1308 consparguntur,
897 1229 929 1287 in
948 1247 1006 1307 quo
1026 1247 1095 1288 rosa

8 1303 10 1350 ⁸
82 1325 113 1374 et
139 1314 280 1374 lenticula
308 1316 392 1392 prius
422 1323 605 1395 coquuntur,
635 1324 669 1376 ut
696 1317 812 1394 possint
839 1317 905 1376 fieri
932 1315 1041 1394 pastiIli
1070 1316 1096 1377 X

83 1403 176 1464 duum
199 1405 376 1483 autumus,
402 1421 470 1463 cum
494 1421 568 1482 opus
592 1411 650 1482 est,
673 1405 783 1464 teritur
805 1423 883 1465 unus
906 1405 1042 1482 pastillus
1066 1413 1097 1465 et

41 1512 68 1553 15
83 1493 245 1551 inmittitur
272 1509 326 1570 per
354 1509 473 1571 aquam,
506 1499 540 1552 ut
570 1509 660 1570 supra
687 1494 833 1570 scrIptnm
861 1501 915 1572 cst,
944 1493 1097 1552 decoctam

8 1599 9 1606 ¹
83 1597 152 1640 cum
175 1597 243 1639 rosa
267 1587 297 1639 et
315 1579 463 1659 lenticula,
487 1581 513 1639 si
536 1579 635 1640 febres
655 1587 752 1660 erunt,
777 1581 823 1639 sin
842 1582 949 1660 minus,
974 1599 1010 1640 ex
1029 1582 1097 1640 vino

83 1667 186 1728 eadem
215 1667 337 1729 decocta
364 1667 448 1729 utilia
476 1676 573 1728 erunt.
614 1666 698 1728 Facit
720 1667 796 1727 bene
820 1676 851 1728 et
873 1675 986 1747 myrtae
1010 1669 1098 1728 lasci·

83 1756 168 1820 culus
192 1774 261 1816 cum
284 1756 405 1816 oleastri
422 1755 468 1816 vel
488 1755 580 1816 olivae
599 1756 722 1816 ramulis
741 1763 870 1835 utroque
889 1757 986 1835 modo,
1008 1764 1099 1835 prout

84 1862 134 1904 res
158 1846 298 1926 exegerit,
321 1847 466 1906 incoctus.

8 1987 9 1992 ,
41 1954 70 1994 so
173 1931 257 1992 Potio
281 1941 389 2014 autem,
413 1950 482 1994 cum
504 1935 662 1993 inmissum
685 1933 776 1993 luerit
794 1951 884 2012 supra
903 1933 1016 1994 dictum
1037 1951 1097 1992 me·
1118 1943 1134 1992 5

83 2021 291 2102 dicamentum,
315 2022 388 2082 haec
411 2023 557 2082 convenit.
598 2020 631 2081 ln
655 2028 774 2082 noctem
796 2022 827 2080 in
852 2039 927 2100 aqua
951 2023 1097 2099 catapotia

83 2104 201 2189 dantur,
224 2127 299 2188 quae
318 2109 394 2170 fiunt
412 2112 469 2170 sic:
492 2109 608 2189 Myrrae
627 2109 653 2169 11
671 2108 706 2190 ll,
730 2109 799 2188 lycii
817 2108 843 2168 X
863 2109 912 2190 lll,
935 2111 1012 2170 turIs
1031 2108 1056 2168 11
1075 2108 1096 2188 l,

83 2201 133 2276 opi
151 2197 176 2257 X
195 2196 217 2278 l,
241 2197 320 2258 aloes
339 2197 417 2278 llll,
441 2200 556 2258 acaciae
576 2197 683 2277 111111,
706 2205 818 2276 myrtae
838 2197 979 2259 bacarum
997 2199 1095 2275 nigra·

8 2331 9 2362 ,
82 2305 150 2346 rum
174 2284 268 2366 XVI,
297 2295 421 2346 ovorum
448 2305 485 2346 ex
513 2294 596 2347 aceto
622 2293 778 2347 coctorum
800 2286 915 2346 vitellos
938 2285 973 2346 11.
1017 2285 1095 2346 Haec

40 2395 67 2436 es
83 2377 153 2435 trita
177 2376 245 2434 vino
265 2374 443 2435 Surrentino
462 2383 701 2455 consparguntur
721 2383 751 2436 et
769 2375 846 2435 fiunt
863 2375 973 2454 pastilli
991 2374 1017 2434 X
1037 2377 1095 2435 sin·

8 2463 9 2532 1
83 2462 234 2544 gulorum,
263 2463 370 2524 dantur
398 2461 637 2524 febricitantibus
666 2482 703 2524 ex
731 2481 824 2542 aquae
853 2463 965 2544 cyathis
989 2461 1095 2542 trIbus,

8 2539 10 2624 1
84 2554 148 2612 sine
172 2551 263 2633 lehre,
287 2569 323 2611 ex
347 2554 438 2612 musti
461 2551 631 2612 Surrentini
654 2551 767 2630 cyathis
791 2551 916 2612 duobus.

8 2637 9 2648 ¹
173 2640 217 2699 Ad
231 2642 344 2700 ventris
359 2639 491 2700 dolorem
506 2648 536 2700 et
549 2639 731 2700 inflationem
744 2642 955 2701 intestinorum
970 2647 999 2700 et
1013 2657 1096 2718 prae·
1118 2652 1135 2699 c

8 2715 9 2802 1
84 2728 255 2790 cordiorum
279 2728 396 2788 dolores
420 2736 450 2788 et
473 2728 509 2788 ad
529 2729 669 2789 convulsa
687 2737 717 2788 et
735 2736 824 2806 rupta
842 2731 993 2789 interanea
1013 2737 1043 2788 et
1061 2727 1098 2786 ad

42 2838 70 2878 oo
85 2819 190 2877 urinae
214 2815 417 2877 difficultatem
440 2816 606 2877 remedium
629 2819 686 2878 sic:
711 2815 835 2877 Panacis
859 2816 965 2897 111111,
988 2817 1101 2895 piperis

8 2903 10 2992 p
85 2903 197 2984 Xllll,
225 2903 312 2965 dauci
340 2903 450 2965 Cretici
477 2905 586 2965 radicis
614 2905 661 2966 vel
689 2907 811 2965 seminis
840 2905 941 2987 XVI,
970 2903 1102 2984 sulpuris

86 2995 144 3054 vivi
172 2993 198 3053 11
222 2991 255 3074 S,
284 2994 345 3072 opii
373 2993 446 3054 duas
475 2996 615 3054 tertiasse
643 3001 744 3073 partes
772 2995 922 3055 victoriati
951 2993 1102 3072 ponderis,

8 3091 9 3094 ’
87 3084 215 3143 castorei
238 3081 264 3141 11
284 3081 317 3162 S,
345 3099 461 3161 myrrae
484 3081 577 3142 XIII.
618 3081 698 3142 llaec
726 3084 796 3142 trita
827 3090 857 3142 et
881 3080 1010 3142 cribrata
1032 3081 1101 3140 rino

8 3167 9 3242 ἶ
87 3178 327 3250 consparguntur
351 3177 380 3230 et
403 3189 439 3230 ex
462 3170 509 3230 his
533 3171 608 3232 fiunt
630 3169 741 3250 pastilli
763 3168 975 3248 magnitudinis
997 3168 1102 3244 lupini

179 3381 196 3430 4
215 3375 415 3444 oportunitate.
470 3383 486 3430 8
505 3375 548 3429 uti
566 3373 690 3444 oportet]
708 3371 882 3444 uitioportet.
939 3376 971 3426 15
991 3373 1034 3426 est
1052 3386 1104 3427 om.

92 3453 124 3500 16
144 3446 316 3502 lenticulam.
395 3452 429 3500 30
448 3445 552 3516 piperis
571 3443 597 3497 X
615 3443 667 3498 IIII
686 3459 735 3498 ont.

143 3545 309 3599 macutum,
323 3555 363 3586 un.
377 3546 534 3585 Huuunmcrs.
911 3534 944 3583 18
