2528 3814
543 63 694 128 -292
745 99 782 108 -

550 243 629 304 GAP.
653 241 779 304 XXVIII.

156 355 347 414 Lambriols
365 359 401 411 et
418 355 517 412 tineis
531 357 567 410 et
580 353 762 410 interaneis
777 353 888 410 oausls
902 353 938 409 id
952 357 1005 408 est
1019 355 1183 411 tenesmo

156 448 192 500 et
214 446 259 501 ad
280 459 380 500 rosus
402 445 531 500 ventris
558 446 594 499 et
621 443 770 498 stroium
791 443 848 498 vel
869 442 1039 498 intestinis
1064 445 1184 514 ruptis

156 546 344 604 eorumque
367 532 543 588 doloribus
565 531 716 588 remedIa
737 531 879 602 physica
902 533 937 586 et
959 531 1185 588 rationabilia

428 620 563 677 diverse
586 622 629 676 de
652 619 904 690 experimentis.

123 777 138 824 1
246 757 356 818 Verum
385 756 552 817 remedium
580 756 614 816 ad
643 757 739 816 tineas
771 756 920 817 necandas
951 763 983 816 et
1009 757 1184 818 eiciendas:

156 846 215 908 Per
238 847 372 908 triduum
400 846 496 907 alcum
525 863 613 925 quam
640 844 803 923 plurimum
831 845 898 905 edat
924 847 976 924 qui
1001 845 1058 906 hac
1086 847 1183 907 mole·

158 937 214 997 stia
241 935 386 996 laborabit
414 943 444 996 et
468 935 608 995 betacaos
631 941 732 995 coctos
755 941 786 994 et
808 952 928 995 caseum
949 933 1071 994 mollem
1096 955 1183 996 man-

158 1025 260 1104 ducet3
283 1032 352 1104 post
373 1024 431 1085 hoo
453 1030 553 1085 autem
572 1023 667 1084 salicis
686 1021 893 1084 Macedonicae
913 1023 1012 1083 aridae
1032 1031 1184 1086 contusae

160 1113 306 1175 cribratae
330 1112 356 1172 II
376 1111 439 1173 VIII
462 1131 531 1173 cum
550 1111 646 1191 melle,
670 1119 815 1189 quantum
833 1113 897 1190 ipsc
916 1111 1053 1192 voluerit,
1078 1121 1207 1174 sumata

160 1209 191 1262 et
209 1209 278 1280 post
289 1201 387 1262 'horas
407 1208 549 1280 quattuor
568 1200 678 1260 dentur
697 1202 726 1259 ei
744 1201 823 1260 aloes
842 1211 872 1261 et
891 1203 1060 1262 scamoniae
1074 1203 1181 1282 singu-

159 1289 256 1350 lorum
281 1289 307 1349 li
330 1292 470 1351 semisses
493 1307 530 1349 ex
550 1306 644 1367 aquae
662 1287 776 1348 mulsae
795 1289 908 1370 cyathis
928 1297 1084 1371 quattuor;
1110 1309 1181 1352 cum

161 1397 231 1440 vero
260 1381 394 1458 coeperit
421 1379 597 1459 damigero,
625 1394 701 1456 aqua
725 1376 819 1438 calida
842 1379 871 1438 ei
894 1388 1094 1460 supponatur,
1121 1397 1180 1460 qua

161 1476 265 1549 postea
288 1468 349 1530 elui
374 1476 405 1529 et
428 1467 520 1527 lovari
543 1466 640 1527 debet.

126 1572 142 1620 2
251 1557 295 1618 ld
322 1557 484 1618 lumbricos
512 1555 703 1633 depellendos
731 1556 803 1616 satis
831 1556 985 1616 commode
1008 1557 1081 1616 facit
1106 1557 1213 1618 San-1⁰

160 1649 259 1708 tonica
281 1646 387 1727 herba,
411 1661 486 1723 quac
510 1644 691 1704 absinthium
715 1643 834 1724 dicitur,
860 1645 886 1704 si
909 1643 956 1704 rel
978 1645 1083 1705 viridis
1108 1664 1179 1706 cum

162 1753 237 1813 aqua
260 1735 296 1794 ad
318 1737 421 1794 tertias
440 1740 524 1793 cocta
542 1741 663 1811 potetur
681 1733 727 1792 vel
746 1734 825 1793 sicca
843 1735 914 1792 trita
933 1751 969 1792 ex
989 1733 1076 1794 melle
1094 1753 1178 1795 man·

163 1823 302 1902 ducetur;
326 1840 436 1882 cornus
456 1839 575 1900 quoque
594 1823 707 1882 cervini
724 1820 819 1881 Ilmati
836 1821 905 1881 lima
923 1821 1048 1900 lignaria
1067 1823 1178 1903 scobis,

164 1916 307 1989 quantum
331 1909 385 1970 IIII
407 1909 454 1970 vel
472 1909 496 1969 V
515 1909 652 1971 cocliaria
676 1912 744 1988 sint,
767 1928 802 1969 or
826 1928 910 1989 aqua,
933 1912 965 1970 in
989 1929 1048 1990 qua
1071 1911 1177 1972 dococ-

162 2008 212 2060 tus
235 1998 327 2059 fuerit
349 2001 413 2077 ipse
437 1998 545 2080 sechia,
568 2007 656 2077 potus
680 1998 715 2059 ad
740 1998 861 2078 cyathos
884 1997 924 2058 III
947 2001 1073 2060 mirifice
1093 2000 1178 2080 lacit3
1192 2015 1213 2055 a

163 2089 228 2169 rapi
251 2089 339 2148 etiam
363 2089 484 2148 semihis
507 2087 632 2167 cyathus
656 2105 691 2147 ex
715 2088 796 2165 passi
818 2087 932 2166 cyathis
958 2087 1056 2148 tribus
1080 2089 1178 2168 pridie

163 2184 339 2256 maceratus,
362 2175 469 2237 deinde
493 2178 582 2237 tritus
606 2185 636 2236 et
658 2176 745 2236 datus
768 2193 845 2254 aqua
868 2177 974 2255 exigua
997 2176 1112 2237 adiecta
1133 2180 1178 2237 in·

163 2266 280 2325 finitum
303 2265 447 2326 medetur.

126 2368 143 2415 3
251 2351 413 2414 Tenesmos
437 2361 483 2414 est
501 2353 633 2413 inritatio
653 2353 774 2413 ultimae
792 2354 886 2431 partis
906 2353 1013 2413 directi
1031 2355 1177 2435 intestini,

162 2443 194 2502 iu
218 2459 276 2520 qno
300 2444 372 2503 vitio
396 2444 514 2521 saepius
537 2442 611 2502 libet
633 2441 795 2520 desurgcre
819 2443 884 2501 sine
907 2459 1004 2502 causa.
1038 2441 1178 2504 Proderit
1191 2461 1215 2500 so

164 2548 234 2608 ergo
263 2531 299 2590 ad
327 2531 384 2592 hoc
411 2533 516 2592 villum
548 2529 769 2609 depellendum,
803 2532 941 2608 quotiens
973 2530 1178 2592 dcsurrererit

164 2620 244 2698 quis,
272 2626 307 2679 ut
333 2621 401 2680 vino
430 2627 549 2680 austero
577 2621 668 2680 mixto
697 2637 765 2680 cum
793 2637 869 2698 aqua
897 2617 990 2679 calida
1016 2637 1048 2679 se
1071 2619 1177 2680 foveat.

163 2706 316 2767 Verbenae
340 2715 370 2768 ct
392 2716 505 2788 myrtae
530 2715 560 2768 et
583 2707 675 2768 olivae
698 2706 821 2768 ramulis
844 2709 963 2786 iunctis,
986 2709 1027 2768 ita
1049 2708 1177 2769 uiduae

163 2809 264 2874 partes
292 2804 404 2874 myrtae
433 2798 506 2876 sint,
534 2795 680 2875 simulque
709 2796 840 2856 decoctis
868 2797 913 2856 uti
939 2797 1078 2856 convenit
1101 2803 1177 2876 aqna

164 2885 353 2962 frequentius
382 2885 417 2944 ad
446 2883 658 2965 subluendum3
688 2886 760 2963 quid
788 2885 876 2944 etiam
903 2883 1076 2962 penicillum
1101 2887 1176 2946 tinc-
1190 2901 1215 2941 aa

164 2980 228 3032 tum
257 2991 291 3032 eo
319 2972 435 3052 quuore
464 2981 494 3034 ct
520 2990 581 3032 non
608 2974 696 3033 ulmis
724 2990 898 3052 expressum
926 2979 1015 3051 atqua
1043 2991 1099 3033 ano
1128 2974 1176 3034 ad-

164 3063 295 3140 positum
322 3061 457 3139 proderit
484 3061 530 3122 vel
557 3061 662 3122 eodem
689 3061 776 3122 modo
804 3059 941 3139 globulus
969 3063 1104 3122 staminis
1128 3062 1177 3122 ad·

164 3152 280 3228 positus
298 3152 391 3231 iuvat3
410 3150 523 3211 diutius
542 3151 622 3210 enim
636 3168 775 3229 vaporem
790 3151 931 3210 continet.
961 3149 1176 3228 Perungondus

254 3288 296 3340 tal.
315 3284 458 3340 intestine.

256 3355 443 3423 irrogandas.
543 3353 667 3408 edetur.
764 3353 924 3420 loyathos.
1021 3357 1055 3406 13
1075 3355 1174 3424 scopis.

166 3423 201 3470 23
219 3421 328 3478 mirtae.
400 3425 464 3479 dno.
537 3430 571 3479 25
592 3423 768 3492 penioellum.
