2540 3802
525 129 680 192 -232
729 165 767 175 -

140 292 264 350 seminis
282 290 308 350 ll
323 291 349 350 ll
364 291 393 372 S,
412 293 524 370 piperis
543 293 621 369 nigri
641 289 701 370 lll,
722 289 821 350 scillae
841 299 942 351 coctae
961 290 1035 351 llll.
1073 291 1160 354 llaec

141 381 238 439 omnia
267 379 447 458 colliguntur
476 399 511 440 er
543 379 641 459 melle,
674 379 750 439 liunt
777 378 889 456 globuli
916 382 1013 461 parvi,
1044 380 1158 442 dantur

140 467 255 528 denarii
274 468 333 528 duo
352 469 398 529 vel
417 487 495 530 unus
514 487 568 548 pro
588 475 683 528 aetate
702 475 754 528 aut
772 469 943 528 infirmitate
959 487 995 528 ex
1010 469 1157 548 oxymelle

139 555 185 616 vel
209 575 244 617 ex
267 565 351 617 aceto
375 559 467 617 mixto
491 559 521 617 in
541 552 653 636 cyathis
673 563 814 634 quattuor
833 564 884 616 aut
902 557 1007 618 tribus.
1042 557 1158 618 Eadem

139 647 221 724 potio
244 645 320 706 bene
344 647 415 707 lacit
438 647 474 706 ad
498 646 675 726 hydropicos
700 663 735 704 ex
759 663 835 724 aqua
858 645 953 706 mulsa
977 646 1056 727 data3
1083 660 1187 706 name

139 736 257 795 urinam
279 742 378 794 movet
400 735 570 814 plurimum,
593 753 647 814 per
671 752 758 812 quam
782 742 956 812 purgantur,

104 835 123 883 4
230 823 374 884 Lienosos
402 832 485 884 sanat
513 834 596 884 extra
625 831 724 882 cutem
752 815 915 901 inpositum
944 825 1039 901 sinapi
1070 830 1157 883 aceto

139 911 237 990 pridie
256 905 439 973 maceratum
458 920 488 972 et
506 915 611 972 tritum
630 911 743 971 adiecta
758 910 898 971 lenticula
913 929 949 970 ex
963 921 1047 972 aceto
1061 920 1156 972 cocta.

141 999 267 1079 Oportet
285 1008 384 1061 autem
404 1020 419 1060 a
438 1009 522 1080 parte
541 1001 628 1060 lienis
647 1001 810 1078 inpositum
829 999 1077 1060 medicamentum
1094 1008 1156 1060 tam
1263 1075 1264 1078 Ἴ

141 1088 192 1149 diu
212 1088 272 1149 illic
292 1107 367 1170 esse,
386 1089 481 1150 donec
501 1089 632 1148 dolorem
652 1090 714 1165 pati
732 1106 792 1148 non
811 1090 926 1166 possint
944 1091 995 1166 qui
1013 1096 1156 1168 utuntur;
1172 1105 1200 1142 10
1263 1123 1264 1126 =

140 1185 245 1254 postea
268 1177 342 1236 solio
366 1177 460 1236 calido
484 1177 687 1255 demittantur,
710 1175 763 1235 ubi
783 1175 885 1254 plures
905 1195 955 1236 eos
975 1180 1157 1257 contineant,

142 1265 213 1324 dum
237 1264 348 1324 desinit
371 1265 483 1344 fervor,
507 1265 616 1342 alioqui
641 1263 763 1324 exilient
786 1265 822 1324 ad
843 1267 974 1342 primum
992 1265 1157 1346 fervorem;

141 1353 236 1411 maior
264 1354 343 1412 enim
370 1353 402 1412 in
431 1361 499 1412 cute
527 1353 560 1412 fit
588 1351 672 1411 dolor
696 1352 779 1412 calda
802 1355 902 1434 taetis;
926 1361 1028 1432 postea
1052 1362 1157 1414 ceroto

141 1458 263 1500 rosaceo
288 1459 339 1500 eos
362 1443 489 1520 perungi
512 1439 669 1519 oportebit.
1037 1467 1039 1472 ’

105 1540 122 1588 5
231 1528 317 1590 Aliud
337 1529 457 1590 lienosis
476 1529 642 1589 remedium
661 1529 764 1590 eadem
784 1531 899 1590 ratione
913 1533 1090 1608 inpositum:
1111 1530 1156 1591 Si·
1172 1545 1199 1585 15

141 1619 227 1696 napis
246 1617 367 1697 cyathos
390 1619 473 1698 duos,
493 1621 536 1696 git
556 1617 677 1697 cyathos
692 1618 777 1699 duos,
796 1621 940 1678 nasturcii
954 1619 1075 1698 cyathos
1091 1619 1158 1700 llll,

141 1706 323 1785 myrobalani
342 1709 463 1768 corticis
482 1707 603 1785 cyathos
622 1705 684 1787 llll,
708 1709 821 1785 piperis
841 1707 961 1786 cyathos
979 1707 1014 1767 ll.
1053 1707 1158 1786 Sinapi

141 1794 238 1873 pridie
258 1804 341 1856 aceto
361 1798 422 1856 acri
440 1803 630 1874 maceratum,
650 1795 758 1855 deinde
777 1797 881 1856 tritum
897 1797 1030 1878 contusis
1045 1799 1158 1856 ceteris

141 1885 340 1962 permiscetur
358 1903 515 1963 pannoque
537 1883 654 1944 inlitum
675 1883 922 1944 medicamentum
942 1886 1096 1962 inponitur
1115 1885 1157 1944 fa·

142 1973 262 2050 solaque
286 1971 456 2050 longissima
481 1971 616 2051 alligatur
636 1971 683 2034 vel
702 1971 838 2050 pluribus
857 1975 887 2032 in
906 1991 999 2033 unum
1018 1975 1157 2034 commis·
1172 1987 1199 2026 2⁰

142 2063 197 2141 sis,
226 2079 285 2140 quo
313 2061 427 2121 tardius
455 2061 593 2121 solvatur.
631 2060 694 2120 Hoc
722 2061 961 2120 efficacissimum
988 2062 1154 2122 remedium

143 2158 189 2209 est
208 2157 239 2210 et
256 2148 418 2210 multorum
438 2167 584 2208 annorum
599 2149 720 2209 lienosis
737 2167 840 2209 omnes
855 2167 959 2210 causas
973 2149 1050 2210 tollit
1064 2158 1156 2230 atque

143 2237 296 2318 duritiam3
325 2237 377 2297 sed
405 2237 552 2316 posthoc
576 2239 601 2296 si
625 2256 700 2315 quac
723 2237 866 2316 reliquiae
890 2241 1066 2319 manserint,
1094 2257 1155 2298 am·

142 2325 277 2384 moniaco
300 2325 446 2385 tollendae
470 2333 559 2385 erunt
582 2326 754 2404 frequenter
777 2325 837 2386 illic
860 2326 953 2386 inlito.

107 2425 124 2474 6
231 2412 396 2474 lnlantibus
419 2413 540 2473 lienosis
564 2413 628 2473 dari
652 2414 801 2492 oportebit
824 2433 929 2493 aquam
957 2414 1094 2496 calidam,
1123 2417 1155 2476 in
1170 2426 1199 2468 25

144 2519 201 2580 qua
229 2500 358 2560 candens
387 2503 499 2562 ferrum
528 2502 714 2581 demittatur,
742 2502 788 2562 vel
815 2502 859 2563 lac
888 2506 1041 2582 caprinum
1066 2505 1154 2564 semi·

143 2597 270 2669 coctum,
293 2591 319 2649 si
342 2608 447 2667 caprae
466 2591 669 2650 tantummodo
687 2591 798 2651 hedera
817 2599 984 2669 pascantur.
1016 2591 1156 2652 Proderit

143 2678 190 2738 his
214 2687 245 2738 et
268 2679 362 2757 sinapi
386 2681 499 2739 siccum
523 2687 681 2739 contusum
701 2689 802 2740 ceroto
822 2683 906 2740 tenui
925 2683 1050 2740 mixtum
1071 2687 1155 2740 extra

144 2775 244 2828 cutem
267 2767 439 2846 inpositum,
463 2775 496 2828 ut
519 2767 609 2827 fascia
633 2767 790 2846 diligenter
812 2769 929 2847 ligetur.

108 2868 123 2915 r
231 2853 373 2932 Malagma
400 2855 436 2914 ad
463 2856 592 2915 lienosos
621 2864 651 2915 et
678 2856 714 2915 ad
742 2859 883 2917 iocineris
915 2867 1063 2918 tumorem
1096 2859 1155 2918 sic:
1171 2869 1200 2908 8⁰

143 2943 327 3002 Ammoniaci
354 2950 454 3022 guttae
482 2943 581 3022 pondo
609 2943 635 3023 1,
664 2963 750 3005 cerae
777 2945 808 3006 P.
838 2945 863 3026 l,
894 2965 979 3006 rosae
1007 2945 1105 3024 pondo
1133 2946 1155 3006 l.

143 3031 368 3092 Ammoniacum
391 3051 427 3092 ex
451 3041 534 3092 aceto
558 3034 667 3092 teritur
685 3035 777 3094 mixto
797 3025 1040 3116 crocomagmate,
1064 3052 1156 3112 quan·

143 3129 207 3181 tum
227 3120 359 3182 colorare
379 3123 481 3200 possit.
511 3121 734 3182 Ammoniacum
749 3125 849 3202 itaque
863 3125 980 3204 teritur,
999 3141 1156 3202 quousque

143 3210 206 3270 leve
230 3211 281 3271 liat
302 3219 333 3269 et
352 3209 446 3270 mellis
466 3212 559 3270 crassi
578 3209 684 3270 habeat
704 3211 941 3291 spissitudinem3
965 3219 1068 3290 postea
1087 3230 1157 3272 cera

234 3421 268 3470 26
283 3415 448 3470 demittatur
461 3417 577 3484 scriptia
588 3416 746 3471 dimittatur
761 3416 922 3470 Contrarias.
981 3421 1015 3470 33
1031 3417 1159 3473 colorare

143 3486 236 3553 possit
255 3488 469 3554 ammoniacum,
488 3485 564 3555 quod
582 3488 683 3542 teritur
701 3487 824 3542 Scribere.
