2528 3814
500 169 537 178 —
586 133 739 200 285-,

106 314 176 356 rum
204 294 320 355 vitellos
343 303 404 355 tres
427 297 459 354 in
482 313 574 355 unum
598 295 793 373 permiscehis
816 295 964 375 simulque
987 305 1046 358 tam
1070 294 1122 356 diu

106 393 205 464 teres,
233 383 327 444 donec
354 383 391 443 ad
419 383 647 444 crassitudinem
675 384 772 444 mellis
794 384 937 466 adducas3
960 384 1067 445 deinde
1090 386 1121 444 in

106 472 247 552 pyxidem
277 472 387 532 condes
415 479 504 551 atque
533 490 569 532 ex
597 491 644 552 ea,
677 491 745 534 cum
773 491 849 552 opus
877 473 981 553 luerit,
1011 472 1121 552 cyliaco

108 563 198 622 nucis
226 559 373 621 avellanae
401 561 604 640 magnitudine
633 579 669 621 ex
697 563 777 642 vino,
806 564 832 622 si
860 563 924 622 sine
950 560 1034 622 lehre
1057 563 1124 641 erit,

76 651 137 711 ssi
167 648 360 728 febricitabit,
393 667 429 709 ex
456 667 531 728 aqua
560 649 654 710 calida
686 649 783 732 dabis3
815 652 890 710 mire
924 650 1122 728 celeriterque

108 736 278 799 subvenies.

200 825 261 886 Ova
284 825 492 904 decoquuntur
515 844 552 886 ex
575 833 668 906 aceto,
691 825 786 887 donec
809 825 1011 908 indurescant,
1034 832 1065 886 et
1082 827 1122 886 vi·
1144 836 1176 885 tt

109 912 174 974 telli
201 931 306 974 eorum
334 916 435 974 tostati
464 931 533 974 cum
563 916 667 994 pipere
691 917 757 976 esui
779 914 890 994 cyliaco
914 915 1036 995 dantur,
1064 915 1123 974 cito

108 1002 277 1062 medentur.
319 1001 431 1062 Caseus
459 1001 564 1066 ovillus
594 1011 731 1063 vetustus
758 1005 789 1063 in
817 1002 884 1064 ciho
913 1012 1050 1083 sumptus
1077 1001 1124 1062 vel
1144 1013 1177 1062 78

66 1112 95 1152 ro
110 1109 198 1151 rasus
227 1099 257 1150 et
284 1108 353 1150 cum
380 1092 450 1150 vino
477 1099 565 1168 potus
588 1091 699 1170 cyliaco
722 1092 868 1154 medetur.
909 1091 1031 1153 Cocleae
1055 1109 1124 1151 cum
1144 1101 1177 1150 79

109 1181 198 1240 testis
222 1180 285 1239 suis
307 1181 451 1238 contritae
475 1178 550 1239 duae
569 1187 599 1240 et
617 1198 671 1240 ova
690 1179 782 1240 cruda
801 1180 860 1241 duo
880 1188 910 1240 ct
928 1182 1008 1260 passi
1027 1178 1125 1259 cyathi

110 1268 180 1348 duo,
199 1285 293 1346 aquae
312 1266 410 1346 cyathi
427 1274 499 1348 tres,
518 1267 606 1328 simul
624 1270 769 1346 permixta
788 1271 887 1329 omnia
905 1287 939 1330 ac
958 1269 1010 1329 diu
1029 1269 1124 1346 coagi-

110 1364 172 1417 tata
195 1363 224 1416 et
248 1359 281 1415 in
303 1373 372 1415 vaso
396 1355 480 1415 fictili
502 1355 642 1417 calefacta
664 1357 701 1417 ad
724 1357 845 1418 modum
866 1359 996 1436 potionis
1015 1355 1125 1436 cyliaco

112 1444 181 1504 data
203 1443 370 1504 medentur.
405 1443 558 1524 Serpentis
583 1447 704 1506 exuviae
724 1463 792 1505 cum
812 1464 934 1506 rosaceo
953 1446 1124 1524 decoquun-
1144 1455 1178 1504 8ο

70 1551 98 1593 15
112 1539 164 1592 tur
186 1534 216 1592 in
240 1549 310 1592 vaso
333 1540 455 1612 stagneo
479 1541 509 1594 ct
531 1541 634 1612 postea
657 1535 744 1594 tritae
769 1535 865 1594 ventri
888 1535 992 1614 cyliaci
1010 1532 1125 1594 utiliter

111 1619 287 1680 inlinuntur.

202 1708 245 1768 nd
270 1727 373 1770 omues
397 1709 524 1788 epiforas
547 1711 660 1770 ventris
684 1727 804 1770 caseum
827 1711 982 1770 vaccinum
1006 1707 1176 1768 moliemur

113 1797 241 1857 calidum
264 1799 368 1875 inponi
391 1805 516 1877 oportet,
540 1815 599 1876 quo
622 1805 756 1877 tempore
780 1797 969 1877 dysintericis
989 1798 1126 1876 potiones

114 1886 194 1944 ferro
219 1886 359 1946 candenti
382 1885 536 1947 calefactas
559 1886 623 1946 dari
642 1888 788 1948 convenit.
825 1885 897 1947 Glus
916 1888 1033 1946 taurina
1052 1903 1127 1964 aqua
1145 1895 1179 1945 82

74 1993 101 2033 ao
116 1972 210 2034 calida
238 1974 369 2035 resoluta
397 1974 501 2054 cyliaci
523 1976 635 2034 ventris
659 1973 805 2035 inflationi
827 1973 942 2035 utiliter
964 1976 1127 2052 inponitur.

203 2061 415 2124 Gravissimum
438 2064 550 2123 ventris
573 2064 678 2124 vitium
701 2072 747 2125 est
774 2062 862 2144 ileos,
890 2065 939 2124 cui
966 2063 1127 2122 maximum
1146 2072 1180 2121 83

114 2151 281 2213 remedium
300 2160 346 2212 est
364 2151 507 2230 discerpti
524 2150 743 2230 vespertilionis
761 2153 881 2230 sanguis
900 2151 1002 2212 inlitus
1022 2152 1127 2210 ventri.

1 2233 4 2244 ’
202 2239 457 2318 Frequentissime
485 2242 596 2321 evenit,
622 2247 657 2300 ut
683 2258 719 2300 er
743 2239 875 2319 qualibet
897 2257 987 2301 causa
1010 2237 1128 2300 subitus
1146 2249 1182 2298 84

116 2327 199 2388 dolor
222 2331 336 2388 ventris
355 2330 490 2410 exsistat3
514 2329 566 2390 sed
586 2331 637 2408 qui
655 2328 746 2389 talum
766 2328 877 2407 leporis
896 2346 999 2389 secum
1017 2326 1127 2388 habue-

76 2433 103 2474 25
116 2418 163 2496 rit,
181 2416 353 2477 huiusmodi
372 2435 482 2496 casum,
500 2417 531 2477 id
548 2425 594 2478 est
608 2415 740 2477 subitum
755 2417 889 2477 dolorem
902 2418 1024 2499 ventris,
1043 2434 1128 2477 num-

116 2522 204 2583 quam
226 2506 369 2565 incurret.
410 2505 603 2584 Dysintericis
625 2505 763 2565 medetur
786 2523 870 2586 aqua,
892 2507 925 2566 in
944 2523 1001 2584 qua
1019 2504 1128 2583 pilulae
1147 2513 1181 2563 85

116 2595 251 2672 cupressi
274 2593 413 2654 decoctae
436 2593 557 2673 suerint,
580 2611 648 2654 cum
671 2595 739 2654 vino
762 2601 882 2654 austero
901 2602 997 2672 epota.
1036 2593 1129 2673 Aqua,
1147 2602 1182 2652 86

115 2683 146 2741 in
170 2701 228 2760 qua
251 2681 328 2742 lauri
350 2681 419 2742 folia
441 2681 554 2742 fuerint
576 2681 707 2763 decocta,
729 2685 814 2760 potui
837 2690 956 2761 sumpta
973 2684 1127 2743 intestino·

10 2773 12 2802 ²
116 2788 182 2830 rum
206 2768 359 2830 doloribus
382 2769 526 2831 medetur.

79 2875 105 2915 oo
205 2856 249 2917 Ad
276 2857 455 2935 profluvium
482 2865 512 2918 et
539 2860 785 2920 incontinentiam
817 2861 930 2920 ventris
962 2858 1127 2920 remedium
1148 2867 1181 2916 87

11 2999 14 3013 ,
118 2947 173 3006 sic:
196 2943 289 3004 Malva
313 2946 506 3006 circumfossa
529 2946 619 3026 servo,
643 2947 723 3026 quod
746 2965 781 3008 ex
805 2955 932 3028 utraque
954 2955 1039 3028 parte
1060 2966 1128 3008 acu·

117 3041 177 3093 tam
200 3034 294 3093 aciem
317 3033 436 3115 habeat,
464 3041 494 3094 et
520 3037 654 3112 praecisa
680 3055 696 3096 a
720 3039 874 3114 superiore
898 3037 934 3096 ad
957 3037 1130 3096 inferiorem

118 3129 245 3203 partem,
274 3120 304 3182 id
333 3131 379 3182 cst
406 3141 502 3201 usque
530 3123 566 3183 ad
594 3123 737 3204 radicem,
761 3125 867 3186 deinde
891 3124 974 3184 radix
998 3126 1062 3183 eius
1086 3126 1129 3182 in-

11 3318 12 3334 ,
208 3281 222 3328 1
241 3274 363 3330 vitellus.
417 3274 600 3345 permiscebis
619 3275 789 3344 Stephanus:
807 3272 966 3344 permisces.
1022 3281 1038 3329 3
1058 3273 1129 3345 pixi-

11 3379 13 3400 ι
119 3345 190 3400 dem.
292 3345 483 3400 tabellenae.
583 3347 687 3401 8tosti
707 3346 867 3401 concanae.
958 3349 1128 3416 9sumptos.

120 3421 153 3472 20
171 3413 310 3471 inflationi
328 3418 384 3473 scri
403 3419 441 3473 oi:
459 3416 612 3473 inflatione.
676 3422 710 3471 23
730 3416 845 3472 subitos.
908 3421 943 3471 26
962 3415 1130 3486 dysintheri-

10 3517 11 3522 κ
121 3486 167 3542 cis.
240 3493 275 3543 2⁷
295 3434 453 3561 epotnfest
469 3489 546 3559 pota.
620 3493 654 3544 32
672 3488 836 3557 praecisam.
