2518 3806
478 175 721 240 -357-

93 334 192 394 Ranas
215 336 358 396 contritas
381 343 433 396 aut
455 343 574 397 ventres
598 355 700 398 earum
724 337 834 398 scissos
857 355 911 416 pro
933 338 1106 418 malagmate
1126 353 1161 402 so

93 422 229 483 articulis
256 425 404 504 inponito,
432 424 594 486 efficaciter
621 443 826 504 quoscumque
854 425 972 488 dolores
1003 447 1106 489 eorum

94 510 220 572 sedabis.
257 511 420 573 Vitulinum
443 513 545 574 fimum
568 521 721 574 recentem
744 514 878 576 articulis
901 515 1104 578 laborantibus
1124 529 1158 579 97

93 599 212 680 inlines,
238 602 339 661 statim
362 600 529 662 subvenies.

65 706 78 746 s
184 689 228 749 Ad
253 707 393 750 verrucas
412 697 442 749 et
460 688 596 750 clavellos
614 690 725 769 pedum
743 690 907 752 remedium
926 692 1030 752 efficax
1050 695 1106 754 sic:
1125 705 1159 754 98

94 776 246 854 Raporum
265 795 376 860 semen,
400 785 542 857 quantum
562 778 659 840 tribus
678 779 779 859 digitis
798 779 980 858 adprehendi
998 789 1106 861 potest,

94 865 209 926 adiecto
233 865 327 926 lasere
352 867 514 927 contritum
537 875 567 927 et
587 869 749 946 inpositum
767 877 855 947 atque
874 866 1029 947 inligatum
1049 869 1107 930 cla-

5 1021 6 1024 ,
93 953 203 1014 vellum
226 956 315 1014 etiam
338 957 529 1016 morticinum
553 958 666 1016 excutit
689 965 720 1017 et
743 963 889 1035 persanat.

184 1041 292 1103 Sardas
320 1042 366 1103 vel
394 1042 605 1104 salsamentum
633 1046 696 1104 sine
725 1062 792 1105 osse
820 1052 959 1106 exustum
983 1053 1013 1105 et
1036 1063 1104 1106 con·
1124 1056 1158 1105 99

53 1148 80 1187 10
95 1131 217 1191 frictum
240 1130 354 1209 adpone
377 1131 536 1213 varicibus,
560 1135 658 1193 statim
682 1133 811 1212 prodest.

184 1217 331 1280 Verrucas
353 1222 483 1281 minores
504 1229 673 1302 congestas,
696 1239 770 1300 quas
793 1221 899 1281 Graeci
923 1223 1098 1301 myrmecias
1109 1231 1159 1282 100

93 1315 209 1389 vocant,
232 1316 266 1368 ut
289 1307 468 1391 abstergeas,
491 1309 548 1370 boc
572 1310 674 1370 facito:
698 1309 792 1370 Nocte
816 1328 883 1370 cum
908 1309 1017 1370 videris
1037 1310 1105 1371 stel-

94 1395 152 1456 lam
181 1399 266 1475 quasi
288 1399 480 1476 praecipitem
505 1416 537 1460 se
562 1399 598 1459 ad
622 1397 708 1459 aliam
731 1406 846 1478 partem
869 1398 1107 1478 transferentem,

95 1484 200 1544 eodem
217 1494 366 1546 momento
385 1486 492 1565 locum,
511 1488 543 1546 io
561 1505 620 1565 quo
638 1504 781 1547 verrucae
801 1494 898 1566 erunt,
920 1505 1106 1566 quacumque

54 1588 81 1629 1⁶
95 1591 129 1632 re
156 1571 286 1633 volueris
319 1573 453 1653 deterge,
484 1577 622 1654 protinus
654 1591 757 1635 omnes
789 1575 940 1655 excident3
973 1575 1052 1652 quod
1081 1576 1107 1634 si

95 1679 185 1722 manu
207 1669 258 1722 tua
282 1660 361 1721 nuda
383 1662 413 1722 id
437 1663 553 1742 leceris,
576 1664 718 1722 contiuuo
742 1662 778 1723 ad
803 1681 867 1724 eam
890 1661 1068 1723 transibunt.

184 1749 228 1810 Ad
251 1751 374 1829 varices,
401 1751 452 1830 qui
475 1750 689 1812 suffunduntur
712 1757 742 1812 et
765 1750 863 1812 claudi
885 1769 945 1810 non
968 1757 1101 1830 possunt,
1110 1762 1159 1811 101

95 1837 264 1917 lanuginem
287 1838 324 1898 de
347 1857 457 1918 papyro
481 1839 608 1920 adpone,
632 1840 773 1900 continuo
797 1838 981 1919 claudentur,
1007 1839 1108 1900 idest

95 1924 175 1987 illam
193 1926 372 2008 lanuginem,
391 1945 465 2006 quae
484 1927 573 1989 viridi
591 1946 703 2008 papyro
721 1929 753 1987 in
772 1930 941 1988 summitate
961 1935 1007 1988 est
1021 1930 1107 2006 quasi

56 2030 83 2070 ro
96 2015 249 2094 paniculae
273 2018 438 2077 eminentis.
693 2027 697 2034 ·

184 2103 329 2182 Lapillum
356 2104 519 2184 quemlibet
540 2105 706 2166 involutum
732 2105 859 2166 hederae
883 2104 953 2166 lolio
977 2105 1014 2165 ad
1037 2099 1158 2166 ver-102

96 2211 198 2254 rocam
221 2193 384 2274 admoveto,
406 2195 447 2254 ita
470 2201 504 2254 ut
527 2212 592 2254 eam
615 2201 717 2274 tangat
738 2193 864 2275 lapillus,
889 2203 977 2272 atque
1000 2195 1041 2254 ita
1060 2212 1107 2254 ce-

96 2280 171 2341 lebri
199 2280 263 2342 loco
288 2281 409 2362 abicito,
438 2291 472 2344 ut
494 2281 530 2342 ab
554 2281 651 2362 aliquo
675 2285 814 2344 inventus
838 2282 1007 2363 colligatur3
1031 2284 1106 2342 miro

96 2369 183 2430 modo
212 2370 247 2430 ad
276 2369 370 2451 illum,
398 2373 450 2450 qui
473 2371 638 2450 collegerit,
661 2389 803 2432 verrucae
827 2371 1049 2431 transferuntur
1077 2377 1108 2430 et

56 2469 83 2510 2⁶
96 2458 163 2519 ideo
187 2466 260 2536 quot
283 2459 395 2519 inerint
416 2477 568 2540 verrucae,
591 2467 637 2520 tot
658 2458 764 2538 lapillis
788 2461 868 2538 tangi
891 2458 1008 2520 debent.

184 2545 315 2608 Urticam
343 2547 487 2608 novellam
515 2567 582 2609 cum
610 2556 694 2608 aceto
722 2549 784 2608 acri
806 2555 871 2608 tere
894 2555 945 2608 aut
968 2553 1159 2608 exustam103

96 2633 219 2696 lomenti
242 2654 324 2696 more
348 2637 462 2715 adpone
486 2636 643 2697 varicibus.

184 2723 228 2784 Ad
248 2722 384 2803 pollicem
398 2733 557 2786 contusum
571 2743 678 2786 nucem
693 2724 860 2804 iuglandem
875 2731 943 2784 cute
958 2725 1160 2784 interiorelos

97 2811 251 2873 mundabis
275 2820 306 2873 et
328 2813 473 2874 cribrabis
493 2821 523 2874 et
543 2832 611 2874 oum
630 2814 746 2875 modico
766 2812 862 2874 mellis
880 2812 1019 2893 adpones,
1038 2829 1106 2872 con-

58 2912 84 2953 80
98 2901 181 2960 tiuuo
205 2897 330 2962 sanabis.

185 2988 320 3050 Clavellis
343 2997 373 3050 et
396 2989 491 3069 callis,
514 2992 620 3069 quiin
643 2989 770 3070 pedibus
794 2989 911 3050 molesti
934 2995 1012 3069 sunt,
1036 2997 1160 3048 san-106

97 3079 162 3155 guis
189 3077 316 3139 lacertae
345 3078 448 3138 viridis
476 3097 544 3139 cum
572 3078 665 3140 llocco
692 3081 840 3158 inpositus
863 3079 938 3138 mire
961 3076 1106 3136 medetur.

97 3165 249 3228 Lumbrici
272 3169 384 3227 terreni
410 3169 474 3228 triti
497 3185 565 3228 cum
589 3165 654 3227 oleo
677 3169 799 3246 inpositi
822 3173 950 3244 prosunt
972 3163 1101 3225 clavellis
1109 3175 1160 3224 106

97 3256 216 3333 penitus
239 3255 388 3316 eruendis.
430 3254 509 3316 Faba
532 3257 563 3316 in
587 3264 670 3316 aceto
694 3263 725 3316 et
747 3255 824 3316 laser
847 3255 937 3314 missa
961 3260 1160 3314 etium-107

185 3465 218 3514 11
238 3461 424 3530 myrmecides
444 3462 605 3529 Gormriue,
623 3461 737 3517 correxi.
787 3466 820 3514 31
840 3458 952 3530 sanguis
970 3458 1105 3532 lacertae]

98 3531 131 3599 es.
145 3531 220 3588 Plio.
236 3550 263 3588 o.
278 3534 303 3589 b.
319 3539 363 3605 30,
377 3539 419 3589 80.
479 3539 513 3588 33
532 3531 675 3604 lumbrici]
694 3533 728 3601 cf.
743 3531 820 3588 Plio.
834 3533 902 3588 ibid.
