2528 3814
508 123 747 188 -260-

65 301 100 350 37
210 286 253 346 dd
282 287 398 346 renium
427 284 560 346 dolorem
583 284 693 346 herbae
718 286 883 345 vettonicae
907 285 994 344 tritae
1019 285 1141 362 pondus

121 375 312 434 denariorum
341 373 469 434 duorum
497 393 568 434 sano
597 391 633 434 ex
661 372 770 453 mulso,
796 372 978 432 febricitanti
1002 390 1039 432 ex
1063 391 1140 452 aqua

65 477 101 526 38
121 463 213 524 calida
242 461 404 524 bibendum
433 463 510 523 dato.
553 462 758 541 chamaepitys
786 480 823 522 cx
850 463 918 521 vino
946 462 1017 521 trita
1047 470 1140 541 atque

66 567 100 615 39
119 555 160 614 ita
189 560 259 631 pota
286 551 448 630 plurimum
475 551 599 630 prodest
626 553 744 612 renium
773 549 877 612 dolori.
918 549 1065 610 Bactrum
1089 569 1141 611 cu·

121 643 220 720 pressi
243 641 382 701 viridium
406 643 602 702 contritarum
626 658 717 700 sucus
741 638 854 700 celatus
878 657 946 699 cum
965 640 1034 698 vino
1054 642 1168 717 potuis

121 731 208 791 datus
227 732 302 790 mire
321 732 439 790 renium
458 729 555 790 dolori
572 728 718 810 medetur,
737 730 777 788 ita
796 736 838 809 ut,
858 729 885 788 si
899 745 1022 788 necesse
1038 727 1141 808 luerit,

120 838 175 898 per
198 819 271 880 alios
295 837 400 878 novem
425 818 489 878 dies
512 818 637 878 adaucto
657 835 786 878 numero
810 816 950 877 bacarum
971 818 1141 896 etiterum,

121 911 147 968 si
169 911 210 968 ita
234 925 309 986 opus
333 907 433 987 luerit,
456 925 510 986 per
534 905 607 968 ahos
630 924 737 966 novem
756 905 820 966 dies
839 906 992 965 deminuto
1011 923 1141 976 numero

121 997 218 1072 detur,
239 1015 394 1076 quousque
413 995 449 1056 ad
468 1014 558 1056 unam
576 995 679 1056 bacam
697 995 780 1073 potio
795 1011 999 1074 numerusque
1014 993 1140 1055 descen-

121 1085 184 1166 dat,
207 1085 261 1145 sed
284 1087 461 1163 interposito
485 1103 545 1144 uno
568 1084 615 1144 die
636 1083 725 1143 debet
747 1101 813 1144 esse
832 1085 1023 1144 commutatio
1043 1085 1182 1162 potio-10

68 1186 102 1234 40
121 1175 168 1233 nis
192 1173 228 1233 de
252 1174 364 1232 maiore
388 1173 424 1232 ad
447 1175 594 1234 minorem
617 1173 746 1233 modum.
783 1171 895 1232 Lanam
918 1172 1053 1232 sucidam
1072 1175 1140 1251 pice

123 1261 235 1338 liquida
254 1259 346 1320 inline
365 1270 395 1320 et
414 1260 555 1321 umbilico
569 1263 689 1340 inpone,
708 1263 808 1321 statim
822 1262 940 1320 renium
955 1260 1040 1320 dolor
1056 1261 1141 1322 seda-

68 1360 101 1408 41
122 1349 212 1409 bitur.
247 1349 404 1408 Artemisia
424 1348 515 1409 herba
535 1359 589 1430 est,
613 1367 702 1428 quam
720 1348 830 1410 Gallice
850 1348 1019 1410 bricumum
1038 1349 1140 1428 appel·

121 1436 196 1518 lant,
224 1436 300 1496 hanc
330 1437 380 1497 ubi
406 1448 546 1498 nascatur
573 1441 695 1516 require
724 1447 754 1498 et
781 1439 930 1498 inventam
959 1456 1046 1498 mane
1070 1433 1140 1499 ante

122 1525 193 1588 solis
217 1534 316 1586 ortum
340 1528 460 1588 sinistra
483 1545 573 1588 manu
595 1527 733 1587 extrahes
757 1534 846 1587 etex
870 1545 904 1587 ea
927 1527 1024 1586 nudos
1048 1545 1140 1587 renes
1156 1544 1181 1584 15

122 1617 310 1696 praecinges3
339 1634 397 1694 quo
426 1616 503 1677 facto
532 1615 675 1694 singulari
705 1625 734 1676 et
762 1623 976 1693 praesentaneo
1004 1607 1141 1677 remedio

69 1715 103 1762 42
123 1706 226 1765 uteris.
274 1704 344 1765 Pice
372 1704 484 1783 liquida
510 1704 633 1784 pollices
657 1711 716 1764 tam
740 1704 851 1782 pedum
879 1722 968 1783 quam
995 1721 1142 1765 manuum

123 1793 160 1854 ab
193 1793 344 1872 unguibus
376 1812 473 1872 usque
501 1793 537 1854 ad
569 1795 664 1872 prima
697 1793 890 1854 articulorum
918 1795 1002 1854 initia
1029 1792 1142 1854 inlines

123 1889 154 1942 et
177 1881 309 1942 chartam
335 1900 533 1963 superpones,
562 1884 640 1942 intra
667 1881 801 1942 triduum
829 1884 869 1942 ita
897 1881 1039 1942 sanabere
1063 1881 1143 1942 lum·

122 1969 231 2031 borum
255 1971 370 2053 dolore,
398 1980 432 2032 ut
461 1989 515 2050 per
542 1970 674 2050 singulas
697 1979 801 2030 noctes
825 1970 1003 2031 detrimenta
1026 1969 1142 2032 doloris
1157 1989 1184 2028 ao

123 2059 285 2139 intellegas.

71 2157 105 2206 43
213 2148 270 2219 Qut
298 2150 416 2208 renium
440 2147 542 2208 dolore
565 2147 732 2229 vexabitur,
755 2151 786 2208 in
810 2148 912 2208 charta
935 2147 1004 2208 rudi
1026 2147 1142 2209 scribat

125 2238 312 2298 characteres
339 2237 417 2296 inira
446 2237 574 2314 scriptos
603 2245 633 2296 et
660 2255 732 2297 auro
761 2237 808 2296 vel
835 2254 928 2316 cupro
952 2236 1085 2296 includat
1109 2247 1142 2298 et

71 2335 106 2383 44
125 2329 204 2386 circa
223 2343 311 2386 renes
330 2325 437 2406 albget,
456 2327 532 2386 miro
551 2325 683 2385 remedio
698 2333 812 2386 utetur:
831 2327 1023 2406 καραβραωθ.
1053 2324 1142 2386 Passi

125 2413 235 2473 Cretici
258 2413 379 2492 cyathos
403 2422 479 2494 tres,
502 2413 587 2476 lactis
610 2415 735 2493 capruni
757 2414 873 2492 itidem,
901 2416 1023 2474 seminis
1047 2432 1139 2474 cucu-
1155 2430 1183 2471 aa

125 2503 216 2562 meris
244 2519 335 2579 grana
358 2500 482 2562 XXXlll
510 2501 620 2582 optime
647 2505 718 2563 trita
746 2502 835 2564 simul
860 2521 919 2563 una
941 2505 1061 2582 potione
1087 2506 1142 2581 qui

126 2589 244 2668 biberit,
268 2589 437 2650 absolvetur
459 2593 577 2652 renium
601 2590 711 2651 dolore.

72 2689 106 2737 45
214 2677 395 2756 Molliginem
422 2697 459 2740 ex
486 2683 554 2740 vino
582 2681 693 2759 optimo
716 2679 798 2740 bibat
821 2682 874 2758 qui
896 2681 1013 2740 renium
1037 2678 1140 2740 dolore

127 2766 289 2848 vexabitur,
308 2767 466 2841 confestim
485 2785 575 2828 sanus
595 2771 665 2848 erit3
686 2785 790 2829 sucum
806 2786 924 2848 quoque
939 2768 1048 2830 radicis
1062 2786 1140 2828 ama-

127 2875 177 2917 rae
202 2874 270 2916 cum
292 2855 379 2915 melle
402 2859 528 2918 mixtum
550 2855 634 2917 bibat
656 2859 774 2918 ieiunus
798 2856 844 2917 vel
867 2875 901 2918 ex
922 2859 990 2918 vino
1002 2865 1139 2938 austero,
1154 2875 1183 2915 so

73 2955 107 3002 46
128 2947 226 3006 statim
246 2943 468 3006 remediabitur.
497 2945 687 3006 Artemisiam
701 2946 810 3007 tundes
825 2955 855 3007 et
869 2965 938 3007 cum
953 2947 1037 3026 adipe
1053 2945 1141 3006 suilla

127 3041 178 3095 aut
203 3032 333 3113 quahbet
356 3040 455 3094 vetere
480 3034 600 3112 subiges
623 3043 653 3096 et
672 3053 770 3114 panno
789 3035 940 3096 inductam
959 3054 1013 3114 pro
1033 3033 1141 3114 malag-

74 3132 107 3182 41
127 3130 205 3184 mate
224 3122 347 3184 renibus
365 3124 484 3202 inpone.
518 3122 634 3204 Mulier,
659 3142 733 3203 quae
755 3125 888 3202 geminos
907 3126 1031 3204 peperit,
1051 3142 1140 3184 rencs

128 3211 261 3274 dolentes
285 3211 479 3292 supercalcet,
502 3214 643 3273 continuo
667 3212 790 3273 sanabit.

218 3421 232 3468 1
252 3416 357 3488 dolore,
375 3418 438 3474 item
457 3424 482 3474 4.
574 3425 589 3472 6
609 3417 633 3471 si
652 3434 701 3472 ona.
776 3423 790 3470 t
810 3415 921 3470 adiecto
939 3433 991 3485 pro
1009 3417 1139 3475 adaucto.

131 3489 162 3537 12
183 3485 334 3541 umbiculo.
408 3494 440 3541 13
461 3487 633 3542 artimisiam.
707 3494 740 3542 23
762 3486 888 3555 scriptus.
