2518 3806
492 165 731 228 -359-

97 325 244 406 solvatur,
267 335 370 404 postea
389 325 487 388 oleum
506 329 667 406 myrtinum
687 335 718 387 et
736 345 891 388 rosaceum
911 337 941 389 et
960 329 1114 390 cedrinum

98 423 132 474 et
152 417 367 474 ammoniacum
387 417 490 476 tritum
511 415 692 476 admiscetur
711 425 740 476 et
755 424 825 476 tunc
841 416 1019 478 subducitur
1032 417 1114 478 llam-

97 520 159 582 ma,
179 520 216 562 ne
236 502 408 563 effervescat
426 503 686 584 medicamentum3
709 504 874 565 secundum
894 523 968 583 quae
988 505 1114 567 adicitur

99 609 226 651 crocum
254 593 359 652 tritum
388 609 422 652 ex
452 599 548 672 aceto,
579 592 685 652 deinde
713 610 813 672 myrra
840 595 909 653 trita
938 596 1115 674 aspergitur,

67 701 83 742 s
100 677 242 739 ultimum
266 681 377 740 nitrum
401 689 431 740 et
449 681 553 740 Assius
576 679 650 758 lapis
669 680 787 741 additur
807 690 837 742 et
855 683 898 742 sic
917 683 1115 760 compositum

99 766 351 828 medicamentum
375 771 531 847 reponitur
553 771 585 828 in
607 769 722 848 pyxide.

192 855 326 934 Acopum
340 856 376 916 ad
390 857 622 936 perfrictionem,
641 856 846 918 lassitudinem
860 866 891 918 et
905 857 1036 918 dolorem
1051 865 1114 918 ten·
1133 875 1150 924 o

99 946 277 1023 sionemque
305 963 478 1026 nervorum,
504 945 582 1023 quod
611 945 708 1006 hieme
732 945 895 1006 adhibitum
919 965 978 1006 non
1002 948 1114 1025 patitur

99 1034 320 1110 perfrigesoere
344 1033 505 1112 quamlibet
527 1042 641 1112 partem
665 1033 879 1114 membrorum3
902 1034 959 1095 boc
981 1036 1115 1114 Augusta

56 1143 86 1182 ιο
101 1120 185 1181 Livia
216 1120 369 1200 utebatur,
397 1124 505 1200 accipit
532 1122 619 1183 baec:
652 1121 786 1183 Samsuci
813 1123 896 1182 iloris
924 1121 955 1184 fr
979 1123 1005 1204 l,
1037 1125 1114 1184 roris

101 1211 211 1270 marini
239 1209 378 1270 loliorum
401 1207 433 1270 θ
452 1209 478 1290 l,
507 1210 689 1290 laenograeci
714 1211 744 1271 P.
764 1211 790 1290 l,
818 1213 877 1272 vini
901 1210 1019 1272 Falerni
1044 1231 1114 1272 con-

101 1300 194 1379 gium,
218 1295 276 1358 olei
294 1297 451 1359 venafrani
469 1297 500 1360 P.
520 1297 551 1359 V.
583 1298 705 1360 Praeter
728 1298 826 1360 oleum
850 1303 946 1362 omnia
965 1301 1064 1361 triduo
1083 1304 1114 1361 in

101 1389 171 1447 rino
202 1389 346 1447 macerari
373 1386 535 1469 oportebit,
564 1396 670 1466 quarto
698 1388 745 1448 die
774 1388 872 1450 oleum
900 1389 1057 1450 admisceri
1085 1398 1116 1449 et

103 1477 193 1552 coqui
212 1476 242 1534 in
262 1493 356 1553 pruna
376 1494 435 1535 non
454 1478 517 1536 acri
535 1476 792 1555 medicamentum,
813 1477 908 1537 donec
927 1480 1026 1538 vinum
1046 1496 1115 1537 con·

61 1572 248 1641 assumatur,
271 1570 373 1640 postea
397 1563 544 1641 percolari
567 1582 620 1642 per
643 1563 767 1623 linteum
790 1564 898 1643 duplex
921 1565 1046 1643 oleoque
1065 1565 1114 1624 ad-

103 1651 163 1713 buc
187 1649 294 1710 calenti
318 1669 403 1710 cerae
426 1650 565 1711 Ponticae
589 1650 621 1714 P.
642 1651 662 1712 S
686 1651 762 1712 adici
786 1655 936 1732 convenit3
959 1655 1115 1731 reponitur

103 1739 351 1800 medicamentum
372 1738 454 1798 fictili
472 1738 519 1799 vel
538 1747 659 1817 stagneo
679 1758 756 1800 vaso.
785 1739 858 1801 Usui
873 1748 918 1800 est
932 1741 1011 1801 lenta
1026 1759 1115 1802 manu

103 1827 282 1906 perductum
306 1825 443 1888 omnibus
466 1827 617 1888 membris.

193 1916 325 1994 Acopum
353 1915 388 1975 ad
419 1935 579 1976 nervorum
607 1933 724 1996 causas,
753 1916 831 1996 quod
859 1935 914 1995 per
938 1916 1150 1986 vindemiam-1

64 2025 90 2064 ao
105 2007 301 2084 componitur,
325 2013 483 2084 antequam
506 2007 637 2065 mustum
661 2005 853 2086 defervescat,
877 2007 934 2067 sio:
957 2004 1047 2066 Musti
1068 2024 1113 2066 re·

105 2095 200 2154 centis
224 2095 344 2171 congios
363 2091 386 2150 V
405 2102 434 2152 et
453 2092 511 2153 olei
530 2091 687 2153 Venafraui
702 2092 736 2154 P.
755 2092 779 2172 l,
801 2095 831 2152 in
855 2093 902 2153 bis
925 2103 1114 2155 macerantur

105 2183 228 2262 species,
252 2199 327 2259 quae
351 2181 428 2241 inira
452 2183 580 2260 scriptae
600 2189 679 2261 sunt,
702 2190 843 2242 contusae
863 2192 893 2242 et
911 2181 1113 2261 percribratae

105 2268 312 2347 grandioribus
333 2269 528 2330 foraminibus
547 2269 647 2349 cribri,
671 2269 701 2330 id
721 2280 766 2330 est
785 2272 838 2330 iris
857 2270 989 2350 lllyricae
1008 2269 1034 2330 X
1054 2269 1114 2353 XL,

5 2365 6 2434 i
106 2360 206 2437 cyperi
220 2357 245 2416 X
260 2355 318 2438 XL,
333 2357 410 2417 faeni
424 2361 523 2437 graeci
538 2357 562 2417 X
577 2357 637 2439 XL,
650 2360 763 2438 piperis
778 2360 855 2436 nigri
873 2358 897 2418 X
911 2357 969 2440 XL,
987 2358 1113 2439 xylobal-

5 2437 6 2452 ’
67 2465 93 2506 aa
107 2449 178 2506 sami
189 2444 274 2523 XXL,
288 2445 393 2505 calami
407 2446 530 2527 odorati,
541 2465 599 2525 quo
611 2449 799 2524 unguentarii
814 2454 948 2530 utuntur,
964 2447 1115 2532 XLXXX,

107 2534 227 2595 schoeni
250 2533 276 2593 X
299 2532 412 2612 LXXX,
435 2534 584 2594 saliuncae
607 2534 633 2594 X
656 2533 775 2614 LXXX,
799 2535 927 2596 sertulae
951 2536 1114 2616 Campanae

108 2623 131 2682 X
149 2621 238 2699 Xllll,
262 2623 358 2681 casiae
382 2624 484 2700 nigrae
504 2622 529 2682 X
544 2622 661 2704 XXllll,
684 2623 864 2684 cardamomi
883 2623 908 2683 X
923 2623 998 2704 XXl,
1022 2634 1114 2705 styra-

107 2713 148 2772 cis
170 2710 196 2770 X
221 2708 348 2789 XXVlll,
372 2713 447 2770 costi
470 2709 591 2790 XXllll,
614 2730 729 2790 myrrae
753 2713 893 2772 Amineae
917 2711 942 2772 X
967 2711 1043 2794 XXl,
1066 2731 1113 2774 ca·

108 2801 164 2860 siae
188 2797 370 2878 daphnitidis
393 2797 419 2858 X
442 2798 537 2879 Xllll,
561 2801 659 2877 spicae
683 2799 767 2860 nardi
791 2800 816 2860 X
840 2799 900 2861 XL.
942 2800 1021 2862 llaec
1045 2820 1114 2862 cum

69 2896 202 2949 eomusto
230 2894 260 2947 et
287 2886 351 2946 oleo
380 2895 569 2948 macerantur
592 2891 622 2948 in
646 2907 714 2948 vaso
738 2900 859 2968 stagneo
883 2897 934 2950 aut
957 2889 1040 2950 fictili
1063 2909 1114 2969 po·

6 3016 8 3037 .
109 2979 159 3037 sita
183 2995 236 3056 per
259 2976 322 3036 dies
346 2973 434 3036 XXX.
477 2974 602 3055 Oportet
629 2986 728 3037 autem
754 2996 804 3038 vas
828 2977 904 3038 bene
928 2977 1061 3038 clausum
1084 2986 1115 3039 et

108 3064 253 3144 alligatum
286 3063 332 3124 bis
363 3065 395 3122 in
423 3063 471 3124 die
502 3065 575 3125 solvi
603 3074 632 3126 et
659 3067 834 3146 permisceri
862 3069 973 3146 omnia,
1006 3066 1113 3126 deinde

108 3171 209 3216 rursus
233 3153 344 3232 operiri
367 3160 398 3212 et
421 3154 541 3232 signari,
564 3172 601 3214 ne
625 3157 704 3214 vires
728 3162 911 3215 evanescant.
944 3153 1015 3214 Post
1033 3153 1115 3214 XXX

9 3294 10 3303 ,
108 3243 167 3303 dies
191 3241 326 3304 colantur
351 3251 505 3321 macerata,
529 3241 565 3302 de
590 3242 698 3322 quibus
718 3245 801 3321 quasi
820 3241 917 3302 oleum
936 3260 1045 3320 purum
1065 3261 1113 3302 cr·

10 3432 11 3442 ,
194 3383 206 3430 1
226 3376 391 3448 myrtinum]
410 3377 582 3432 scribendam
600 3378 707 3432 videtur
720 3377 830 3431 irinum.
883 3383 914 3430 11
929 3375 1005 3432 faeni
1019 3377 1114 3446 graeci

9 3446 12 3477 ¹
110 3448 255 3503 sextarium
274 3465 359 3502 unum
379 3447 503 3504 Scribere.
612 3453 646 3502 28
666 3446 799 3502 Amineae
819 3448 958 3504 Scribam:
981 3448 1112 3505 minneae

10 3574 11 3593 ,
111 3517 264 3573 domarius.
335 3525 368 3574 29
388 3517 483 3590 spicae
501 3517 594 3590 nardi]
615 3517 755 3588 aspalathi
773 3518 898 3576 Scribere.
