2540 3802
461 143 703 208 -191-

72 311 113 370 tis
133 306 259 368 vinculis
279 323 400 366 rursum
416 324 583 385 perungere
599 315 629 367 et
642 307 750 368 tricare
765 315 860 368 totum
875 326 984 388 corpus
999 317 1088 389 atque

72 400 115 458 ita
140 397 280 457 varietate
299 393 435 455 ciborum
455 401 484 455 at
502 397 709 474 perunctionis
728 395 912 457 stomachum
931 397 1089 479 proritare,

71 488 114 548 ita
138 493 172 546 ut
195 484 367 544 reficiantur
391 482 464 544 alica
482 501 519 543 ex
539 483 634 545 mulso
654 491 705 545 aut
723 483 867 545 malorum
887 485 1087 565 cydoneorum

73 593 146 636 suco
175 573 221 633 vel
249 591 285 633 ex
314 574 414 651 granis
438 571 559 634 Punicis
588 573 664 634 iacto
693 581 744 634 aut
771 575 798 634 si
823 592 897 653 qnos
921 577 1014 653 magis
1038 575 1087 636 de·

45 661 196 724 sleotabit
223 660 329 740 frigida
358 678 461 740 posca;
495 661 659 722 secundum
687 680 762 741 quae
794 670 911 742 sumpta
944 672 974 723 et
1006 663 1088 744 apala
1112 582 1145 840 s

71 751 240 831 proderunt
263 767 316 810 ova
340 756 370 809 et
392 749 489 810 intubi
512 752 589 810 cocti
612 749 658 810 vel
677 768 737 811 non
760 753 838 812 cocti
861 769 897 811 ex
920 759 1003 812 aceto
1028 751 1089 812 dati

71 843 205 919 itemque
229 838 361 898 lactucae
385 845 416 898 et
438 837 538 898 caules
561 837 720 918 haplosiles
739 857 775 900 ex
794 857 883 919 posca
903 839 1019 901 decocti
1037 849 1089 900 aut

4 997 5 1000 Ἴ
72 928 184 1007 ungula
207 929 331 1006 porcina
354 934 475 986 excocta
498 935 529 987 et
551 927 681 1009 madida3
706 927 789 989 vulva
809 946 927 1007 quoqne
948 936 978 989 et
995 930 1087 989 mnri-

4 1001 5 1076 l
73 1036 125 1078 ces
152 1025 183 1077 et
209 1014 359 1095 pelorides
381 1014 543 1094 plurimum
566 1017 668 1077 iuvant
695 1024 725 1077 et
747 1035 904 1095 pomorum
927 1019 1088 1097 praecipue

4 1169 5 1178 ἦ
32 1122 58 1161 1⁰
72 1105 161 1167 sorba
189 1112 219 1165 et
245 1102 320 1164 mala
348 1102 511 1165 orbiculata
539 1112 569 1165 et
595 1107 660 1184 pira
684 1101 867 1188 Scaudiana,
896 1105 1086 1168 Crustumina

4 1215 5 1282 p
73 1193 255 1274 Signinaque
283 1194 315 1252 in
342 1191 398 1252 olla
426 1195 570 1274 reposita;
602 1195 674 1254 item
700 1202 826 1274 prosunt
854 1212 928 1256 uvae
960 1213 996 1255 ex
1029 1194 1085 1255 olla

73 1290 218 1362 sumptae.
259 1279 339 1341 llaec
366 1282 446 1340 cuim
470 1290 500 1342 et
522 1281 692 1343 huiusmodi
716 1300 792 1362 quae
815 1290 887 1344 sunt
908 1283 955 1344 his
979 1283 1085 1344 similia

73 1372 251 1432 confirmant
273 1369 472 1450 stomachum3
493 1369 601 1449 quibus
626 1373 703 1432 escis
726 1379 757 1432 et
779 1371 1007 1451 insequentibus
1026 1372 1087 1432 die·

74 1461 131 1520 hus
154 1461 199 1520 uti
222 1457 372 1537 oportebit
394 1458 536 1538 paulatim
564 1460 600 1520 ad
625 1460 872 1520 consuetudinem
896 1461 1088 1540 progredien-

34 1563 61 1604 15
76 1558 131 1631 tes,
155 1547 249 1608 donec
272 1548 354 1607 omni
375 1546 510 1607 molestia
532 1546 706 1608 liberantur.

164 1635 218 1697 Est
241 1643 271 1696 et
293 1635 367 1697 illud
391 1635 535 1696 stomachi
558 1637 676 1716 vitium,
704 1635 784 1715 quod
808 1654 877 1696 cnm
900 1637 1034 1697 siccitate
1057 1643 1088 1696 et
1109 1649 1141 1697 to

75 1725 181 1787 ardore
205 1726 270 1785 eius
293 1732 323 1784 et
346 1725 396 1784 siti
419 1723 609 1804 inrequiehili
636 1731 679 1806 et,
706 1732 740 1785 ut
762 1726 803 1784 ita
825 1723 934 1804 dicam,
962 1726 1087 1784 inextin-

75 1813 179 1893 guibili
202 1814 348 1894 nascitur3
372 1814 510 1874 cccausin
534 1811 589 1873 hoc
613 1811 718 1873 Graeci
740 1819 859 1892 vocant,
886 1811 922 1872 ab
949 1830 984 1872 eo
1008 1813 1088 1891 quod

76 1904 205 1964 exsiccat
224 1919 342 1962 omnem
362 1900 507 1962 stomachi
525 1919 668 1961 umorem.
703 1899 819 1961 Scimus
839 1900 982 1980 quosdam
996 1919 1088 1961 urnas

36 2007 63 2046 so
78 2009 171 2071 aquae
194 1989 306 2051 bibisse
326 2008 381 2050 nec
400 1991 480 2050 sitim
499 1988 596 2069 aliqua
615 2008 651 2050 cx
669 1985 804 2068 partein
822 1991 990 2068 praesentia
1009 2007 1088 2050 com·

75 2081 236 2159 pescuisse.
282 2077 327 2139 td
354 2078 411 2139 hoc
439 2078 578 2138 denarius
607 2096 685 2138 uuus
714 2077 759 2138 vel
791 2076 908 2156 pondus
940 2079 1089 2138 victoriati

76 2169 175 2230 datum
205 2187 240 2229 ex
269 2185 363 2245 aquae
391 2167 515 2245 frigidae
543 2166 656 2247 cyathis
683 2165 782 2228 tribus
813 2168 854 2227 ita
886 2166 1022 2247 prodest,
1054 2174 1088 2226 ut

75 2257 160 2319 facile
183 2256 333 2317 abstinere
357 2274 373 2316 a
396 2263 469 2336 potu
493 2254 598 2316 diebus
621 2257 765 2334 proximis
787 2257 911 2335 possint.

6 2375 7 2420 t
163 2345 298 2406 Lienosis
321 2363 391 2406 vero
411 2363 447 2404 ex
465 2362 556 2424 posca
574 2352 604 2405 et
621 2346 762 2406 iocineris
781 2344 922 2405 duritiem
941 2343 1086 2405 diutinam
1106 2355 1138 2405 11

34 2448 62 2490 ss
75 2433 255 2495 habentibus
279 2451 315 2494 ex
338 2451 414 2512 aqua
433 2434 527 2494 mulsa
546 2433 647 2494 datum
667 2435 739 2494 satis
758 2435 897 2494 convenit
914 2451 970 2494 neo
988 2436 1088 2494 minus

74 2523 254 2604 hydropicis,
278 2521 386 2601 quibus
410 2522 497 2584 datur
516 2521 618 2583 eadem
637 2524 761 2584 ratione.
792 2522 850 2583 Sed
869 2522 916 2582 his
935 2541 989 2603 per
1007 2541 1085 2583 com-

74 2611 176 2691 plures
204 2610 267 2671 dies
296 2609 444 2691 oportebit
471 2613 503 2671 in
528 2613 661 2691 ptisanae
690 2629 824 2672 cremore
852 2613 916 2672 sine
944 2610 1004 2672 ullo
1030 2610 1086 2671 alio

75 2701 190 2781 liquore
219 2700 296 2781 dari;
325 2700 448 2779 prodest
476 2702 652 2779 compositio
679 2699 752 2761 haec
780 2708 811 2760 et
838 2700 902 2761 colo
930 2699 1031 2760 intlato
1057 2707 1087 2759 et

75 2791 184 2850 ceteris
212 2790 377 2870 intestinis;
404 2788 520 2850 futuras
548 2808 668 2869 quoque
691 2789 736 2850 vel
760 2791 818 2850 iam
842 2789 933 2850 iactas
957 2789 1086 2848 vomicas

33 2893 61 2935 ao
75 2879 170 2940 isdem
193 2877 330 2958 partibus
354 2885 404 2939 aut
427 2877 549 2938 discutit
572 2877 774 2939 aut-celerius
798 2879 901 2956 aperit.

163 2967 239 3028 ltem
256 2974 408 3029 menstrua
428 2974 526 3028 movet
544 2965 729 3047 mulieribus,
749 2983 824 3044 qnae
841 2964 1001 3026 difficulter
1015 2982 1084 3043 pur·
1105 2975 1142 3024 12.

75 3063 195 3137 gantur3
223 3055 353 3116 dandum
381 3051 480 3116 autem
511 3057 568 3116 erit
595 3055 642 3115 his
669 3054 918 3116 medicamentum
942 3072 978 3114 cx
1001 3071 1086 3131 aqna,

8 3179 9 3212 t
74 3148 105 3204 in
129 3163 187 3225 qna
206 3143 389 3223 decoquatur
407 3143 508 3223 herba,
532 3161 607 3223 quae
631 3144 781 3204 artemisia
799 3143 917 3222 dicitur,
940 3149 991 3202 ant
1010 3159 1086 3220 qnae

8 3227 9 3238 ’
75 3234 239 3295 dictamnos
262 3231 434 3313 appellatur.
472 3231 569 3292 Etiam
592 3231 628 3292 ad
651 3230 773 3311 papulas
797 3240 827 3292 et
851 3248 967 3291 sacrum
986 3232 1086 3307 ignem

166 3447 180 3495 t
205 3439 332 3497 lactucae
356 3439 450 3494 caules
474 3455 537 3494 cnm
559 3437 636 3494 foliis
660 3454 694 3493 ex
718 3453 804 3508 posca
830 3433 940 3490 decocti
964 3430 1090 3489 Scribon-

77 3516 110 3565 10
130 3510 282 3567 Scauriana
301 3513 462 3570 cernamus.
