2564 3794
562 156 803 265 3-116-

129 331 163 380 22
182 320 313 396 Linguae
336 318 436 379 ulcera
455 317 503 378 vel
524 318 647 397 pusulae
671 317 747 378 bene
771 319 974 396 accipiuntur,
998 318 1023 376 si
1045 315 1126 376 oleae
1148 313 1191 374 vel

181 407 301 466 oleastri
317 425 388 468 suco
408 407 547 468 foliorum
566 415 596 467 et
616 405 738 485 sulpure
753 407 833 466 tritis
849 405 972 466 adsidue
986 405 1191 484 perfricentur.

129 509 163 557 23
182 494 276 555 Rosae
297 495 351 556 llos
375 495 483 576 luteus,
505 495 623 556 alumen
643 497 779 574 scissum,
803 494 886 574 galla,
908 496 962 554 iris
981 495 1046 572 pari
1064 491 1192 570 pondere

181 586 279 644 omnia
302 583 460 662 diligenter
482 592 622 644 teruntur
642 593 672 644 et
691 585 751 644 oris
770 601 804 644 ao
823 583 941 662 linguae
965 584 1035 642 vitia
1058 582 1193 660 frequen-

128 686 163 733 24
181 680 228 733 tcr
249 691 284 732 eo
302 673 424 752 pulvere
443 672 652 751 perfricantur.
692 671 869 751 Cyclamiuis
893 689 984 731 sucus
1008 669 1089 730 melli
1107 669 1218 749 Lycios

181 761 344 840 aequaliter
372 764 482 822 mixtus
509 761 639 840 linguam
668 769 698 821 et
725 763 818 820 totins
846 763 907 820 oris
930 759 1031 820 ulcera
1054 759 1194 837 potentis·

182 853 255 910 sime
280 859 376 927 sanat,
405 867 539 910 umorem
568 867 686 929 quoque
710 857 741 909 et
763 851 900 927 pituitam
924 847 1046 926 largiter
1069 848 1195 907 infusam

129 951 163 999 25
182 939 311 999 deducit.
358 938 484 999 Pusulae
508 956 576 998 oum
600 938 699 1000 subito
723 940 753 998 in
778 937 878 1016 lingua
901 944 1076 1016 nascuntur,
1102 937 1195 1014 prius·

182 1045 269 1106 quam
284 1027 364 1086 idem
380 1027 520 1106 loquaris,
539 1036 687 1086 extremae
702 1028 820 1086 tunicae
835 1044 893 1105 qna
907 1027 1027 1085 vestiris
1042 1043 1095 1086 cra
1109 1042 1196 1102 pusu-

181 1114 239 1174 lam
263 1122 366 1192 tanges
390 1125 420 1174 et
442 1123 488 1174 ter
511 1115 607 1175 dices:
640 1115 712 1174 Tam
736 1123 887 1174 extremus
914 1117 953 1173 sit
977 1115 1029 1192 qui
1052 1132 1101 1174 me
1124 1111 1196 1173 male
1209 1126 1233 1164 10

129 1215 163 1264 26
183 1203 323 1280 nominat,
339 1211 368 1262 et
382 1205 492 1262 totiens
507 1220 596 1280 spues
611 1202 647 1263 ad
662 1211 781 1282 terram,
797 1205 897 1262 statim
914 1202 1069 1264 sanabere.
1098 1201 1198 1262 Solent

183 1291 317 1369 gingivae
342 1290 527 1368 quorundam
551 1289 645 1350 lluore
669 1291 815 1371 infestari,
838 1309 911 1368 quas
934 1299 1112 1370 praegnates
1136 1290 1197 1368 qui-

184 1378 251 1438 dam
282 1386 402 1459 vocant3
434 1385 562 1456 prosunt
588 1378 635 1438 his
663 1378 781 1439 lentisci
809 1378 878 1439 lolia
906 1379 989 1439 arida
1016 1387 1143 1440 contusa
1170 1385 1199 1437 et

183 1464 314 1526 cribrata
337 1469 468 1527 tenuiter
490 1467 640 1545 perforato
665 1466 779 1546 cribro,
807 1467 879 1527 lacit
906 1477 936 1527 et
964 1469 1042 1528 cinis
1068 1467 1199 1528 eiusdem
1256 1507 1257 1542 Ι

183 1554 302 1614 lentisci
325 1554 464 1616 loliorum
483 1562 658 1616 exustorum
679 1557 827 1634 inpositus
851 1563 882 1616 et
900 1574 975 1634 aqua
996 1557 1132 1617 eiusdem
1151 1555 1197 1614 de·
1212 1565 1235 1604 15

130 1656 163 1704 27
184 1645 262 1703 cocti
285 1661 319 1703 os
342 1643 455 1704 elutum
478 1645 606 1705 iuvatur.
648 1644 841 1723 Conpositum
868 1644 925 1706 hoc
949 1644 1199 1706 medicamentum
1256 1657 1257 1682 Ι

183 1733 306 1811 prodest
320 1735 446 1811 gingivis
461 1741 491 1793 et
505 1733 541 1793 ad
556 1735 656 1793 omnia
675 1731 785 1812 ulcera,
805 1751 880 1811 quae
899 1735 930 1793 in
950 1751 1002 1793 ore
1020 1735 1110 1814 fiunt,
1128 1731 1199 1794 utile

184 1828 237 1900 est,
262 1821 342 1900 quod
366 1821 488 1882 anthera
507 1840 522 1880 a
542 1821 662 1882 Graecis
684 1821 862 1901 appellatnr3
886 1823 993 1900 recipit
1016 1821 1105 1883 haec:
1130 1821 1199 1881 Alo·
1256 1865 1257 1898 .

184 1911 272 1970 minis
295 1910 359 1970 fissi
380 1909 406 1969 ll
424 1909 477 1991 ΙΙΙ,
501 1929 617 1990 myrrae
641 1909 725 1990 xil,
750 1911 831 1970 croci
854 1909 937 1988 ΙΙΙΙ,
965 1913 1078 1992 cyperi,
1101 1911 1131 1970 id
1155 1917 1200 1970 est
1256 1899 1257 1946 l

184 1998 279 2078 iunci,
307 1999 416 2059 radicis
440 1998 465 2058 x
488 1998 541 2077 ΙΙΙ,
570 1998 661 2077 gallae
684 1997 768 2078 illl,
796 2015 881 2057 rosae
909 1997 984 2058 lutei
1011 1997 1095 2059 lloris
1120 1996 1197 2077 llll,
1212 2008 1235 2047 20

185 2086 362 2147 sandaracae
386 2087 526 2147 Ponticae
549 2085 642 2166 lllll,
665 2088 742 2147 turis
765 2085 890 2146 masculi
908 2084 934 2144 ΙΙ
952 2085 987 2145 ll.
1025 2087 1089 2148 llcc
1107 2086 1197 2147 medi-

184 2176 298 2234 camine
322 2175 404 2234 arido
428 2177 473 2235 uti
496 2173 645 2251 oportebit
668 2174 713 2234 vel
736 2177 824 2234 etiam
844 2192 912 2234 curn
934 2173 1023 2235 melle
1046 2178 1139 2236 mixto
1163 2174 1198 2234 ad

184 2261 334 2338 parulidas
357 2271 408 2322 aut
437 2261 582 2340 epulidas,
610 2262 641 2322 id
669 2271 714 2322 est
742 2261 795 2322 ubi
822 2281 857 2322 ex
881 2271 1053 2323 transverso
1083 2265 1199 2342 gingiva

185 2357 367 2426 suppuratur
397 2349 443 2409 vel
470 2348 522 2409 uhi
553 2367 643 2428 snper
676 2359 842 2410 extremum
875 2350 1017 2411 molarem
1049 2353 1198 2412 increscit.

132 2449 164 2498 28
184 2435 306 2497 Moleste
334 2437 484 2498 interdum
512 2439 638 2517 gingivis
664 2447 696 2498 et
723 2457 830 2499 cancer
860 2457 915 2517 per
944 2458 977 2499 os
1008 2443 1116 2520 serpit,
1148 2441 1236 2518 quin

185 2527 264 2585 inter
291 2527 375 2586 initia
403 2526 556 2604 neglectus
584 2527 668 2588 brevi
697 2529 840 2606 temporis
863 2529 958 2606 spatio
983 2530 1088 2588 mortis
1111 2545 1199 2588 eausa

185 2623 238 2674 est.
267 2613 392 2693 Oportet
411 2632 481 2693 ergo
497 2633 564 2676 cum
579 2617 709 2694 primum
724 2617 805 2676 risus
819 2617 919 2696 luerit,
938 2624 1097 2695 antequam
1112 2615 1199 2676 latius

185 2711 285 2780 serpat
299 2703 459 2782 lancesque
474 2712 609 2784 occupet,
623 2707 699 2784 mis)⁷
708 2712 776 2764 usto
791 2723 878 2783 quam
889 2704 1018 2783 plurimo
1029 2723 1098 2765 cum
1112 2703 1198 2764 melle

185 2793 230 2850 uti
253 2793 384 2874 saepiam,
413 2793 465 2854 sed
493 2800 561 2854 ante
589 2793 694 2854 dentes
722 2801 752 2852 et
776 2811 809 2853 os
832 2793 922 2853 collui
945 2792 1055 2853 debent
1078 2793 1199 2852 oleastri

133 2892 166 2940 29
186 2898 261 2958 aqna
281 2881 396 2942 decocti
415 2889 465 2942 ant
484 2884 604 2943 corticis
626 2880 836 2960 maligranati.
869 2881 996 2942 Prodest
1015 2889 1045 2940 et
1063 2881 1119 2940 hoo
1138 2899 1197 2939 me·
1212 2894 1238 2933 ³0

185 2969 385 3031 dicamentnm
409 2973 497 3031 etiam
521 2973 553 3031 iu
575 2973 657 3031 omni
678 2978 763 3049 parte
787 2972 921 3049 corporis
944 2971 1073 3048 positum
1094 2976 1197 3027 contra

186 3075 354 3139 cancerem,
383 3059 462 3138 quod
490 3069 612 3120 vocatur
639 3059 819 3138 Andronios3
849 3059 957 3136 recipit
984 3063 1083 3116 autem
1110 3055 1197 3115 haec:

185 3145 254 3206 Mali
272 3151 387 3227 granati
405 3151 526 3210 corticis
544 3147 621 3230 iix,
644 3158 742 3209 terrae
764 3146 832 3207 mali
851 3145 977 3224 ilVllll,
996 3143 1075 3204 aloes
1095 3141 1198 3222 llllll‚

185 3253 301 3315 myrrae
320 3235 395 3319 llll,
413 3237 505 3317 gallae
527 3237 626 3318 xvir,
650 3237 788 3297 aluminis
806 3236 869 3294 lissi
888 3231 990 3314 llllll,
1013 3233 1090 3292 aeris
1114 3231 1198 3292 lloris

256 3371 415 3443 taulpore.
519 3379 648 3442 9quam.
754 3376 787 3425 19
811 3369 919 3422 mirrae.
1025 3373 1060 3421 20
1080 3366 1197 3421 radices.

186 3447 219 3494 21
239 3443 410 3501 sandaricae.
465 3450 499 3499 22
514 3445 563 3517 ad]
579 3448 635 3500 aut.
692 3448 725 3497 25
741 3443 833 3495 elom.
887 3454 1001 3506 parom.
1056 3442 1090 3492 28
1106 3437 1196 3492 misci.

186 3516 219 3564 32
238 3514 352 3585 recepit.
426 3521 460 3570 34
479 3533 587 3586 myrrae
606 3514 633 3570 Ξ
646 3514 673 3568 ΙΙ
690 3511 784 3584 gallae
801 3505 828 3564 Ξ
842 3507 894 3561 VH
912 3524 961 3563 om.
1035 3508 1095 3563 flos.
