2564 3794
541 125 782 192 -150-

104 301 140 354 94
158 297 260 368 tegere
283 289 349 350 lana
374 289 526 369 sulpurata
545 297 637 351 totam
657 289 812 351 maxillam.
846 290 926 350 Rene
946 290 1070 352 discutit
1087 309 1173 370 paro-

158 379 235 441 tidas
263 380 317 438 iris
344 377 460 458 illyrica
489 385 612 440 contusa
640 387 724 439 eoota
754 398 790 440 ex
819 397 906 458 passo
935 387 965 439 et
987 397 1071 440 more
1095 388 1173 441 cata-

158 467 309 548 plasmatis
336 467 448 527 iarinae
476 467 644 528 hordiaciae
673 467 766 527 calida
793 467 840 528 bis
862 467 910 528 vel
932 477 979 528 ter
1001 471 1033 528 in
1056 468 1104 528 die
1128 470 1173 528 in-

105 568 139 618 95
159 559 262 635 posita.
292 555 421 617 Discutit
439 563 470 616 et
487 555 544 616 boc
563 555 812 618 medicamentum
831 556 990 637 parotidas,
1013 565 1173 636 antequam

159 651 338 724 suppurent,
371 644 451 724 quod
484 645 642 705 conficitur
675 645 732 705 sic:
775 643 902 723 Spumae
932 647 1049 723 argenti
1076 645 1107 705 P.
1136 645 1200 726 ll,s

159 751 298 795 cerussae
321 732 353 793 P.
372 733 394 814 l,
418 731 487 793 salis
510 733 686 793 ammoniaci
704 732 736 792 P.
756 732 777 814 Ι,
801 735 878 794 aeris
897 732 980 794 floris
998 733 1030 796 P.
1049 731 1071 816 Ι,
1094 737 1174 796 aceti

158 819 190 882 8·
209 822 230 904 Ι,
254 821 311 882 olei
333 823 443 882 veteris
466 818 552 884 an.
593 821 744 901 Spumam,
768 840 929 902 cerussam,
952 821 1042 883 salem
1066 840 1120 902 per
1140 841 1173 884 se

158 919 188 971 et
211 928 280 971 eum
300 918 383 970 aceto
402 917 501 970 terere
520 917 550 970 te
569 917 687 990 oportet
705 912 847 970 mortario
867 929 1042 993 marmoreo,
1064 911 1173 972 deinde
1251 965 1255 971 ,

158 999 223 1059 oleo
242 998 370 1059 admixto
388 1001 515 1059 traicere
534 999 566 1058 in
585 997 744 1059 caccabum
763 999 901 1078 amplum,
925 1017 962 1059 ne
977 1008 1060 1060 extra
1079 1000 1172 1060 effun-
1267 1055 1268 1058 ,

158 1087 254 1166 datur,
278 1087 366 1147 etad
390 1089 488 1164 ignem
511 1105 636 1168 ponere3
661 1088 827 1147 effervescit
850 1090 930 1148 enim
954 1087 1045 1149 valde.
1096 1088 1172 1149 Cum
1188 1105 1214 1144 10
1267 1135 1268 1138 ,

158 1174 232 1234 haec
260 1193 351 1252 super
379 1176 478 1252 ignem
501 1177 597 1254 posita
620 1174 779 1236 habuerint
803 1175 956 1254 emplastri
977 1175 1074 1236 mollis
1097 1185 1173 1238 tem·
1267 1181 1268 1190 ’

157 1269 337 1342 paraturam,
361 1262 470 1342 deponi
493 1262 642 1342 oportebit
665 1263 838 1345 caccabum,
862 1282 930 1324 cum
956 1283 1024 1325 vero
1048 1264 1174 1326 desierit

158 1351 286 1431 lerrere,
314 1349 454 1429 paulatim
483 1369 641 1430 aspergere
669 1353 746 1412 aeris
774 1351 878 1412 liorem
906 1360 937 1412 et
962 1371 1081 1413 movere
1105 1372 1172 1432 spa-

157 1438 217 1500 tula
243 1437 500 1520 medicamentum,
523 1458 561 1500 ne
583 1447 666 1500 extra
685 1441 835 1522 fundatur,
859 1449 889 1502 et
906 1458 1013 1502 rursus
1032 1460 1172 1524 coquere,

158 1527 252 1589 donec
275 1526 382 1588 habeat
405 1527 558 1607 emplastri
580 1528 814 1612 spissitudinem,
836 1527 967 1590 debebis
1188 1548 1214 1588 15

107 1629 141 1679 96
248 1617 293 1677 Ad
317 1625 446 1678 strumas
470 1617 546 1678 bene
565 1617 635 1678 iacit
652 1617 736 1678 radix
755 1619 923 1678 cucumeris
943 1617 1068 1680 silvatici
1086 1627 1172 1680 cocta

157 1725 194 1766 ex
216 1725 292 1786 aqua
316 1705 410 1767 mulsa
434 1713 463 1766 et
487 1708 557 1766 trita
580 1713 668 1786 atque
691 1707 732 1766 ita
759 1708 901 1784 inposita,
924 1706 1073 1768 hibiscum
1097 1725 1170 1786 quo·

106 1806 139 1856 ot
160 1813 217 1876 que
237 1795 342 1856 eodem
360 1795 447 1855 modo
467 1804 586 1856 coctum
607 1804 635 1855 et
654 1796 816 1874 inpositum
830 1793 937 1855 melius
952 1796 1031 1856 iacit.
1064 1795 1173 1856 Marini

157 1883 274 1964 lepores
298 1883 363 1944 oleo
386 1891 486 1944 vetere
510 1885 608 1944 enecti
631 1882 707 1944 bene
735 1883 848 1944 iaciunt
872 1883 1067 1962 discutiendis
1092 1891 1171 1944 stru·

157 1975 223 2055 mis,
248 1991 316 2034 eum
339 1975 403 2051 ipso
428 1971 492 2032 oleo
516 1975 547 2032 in
565 1971 703 2050 plumbea
722 1972 828 2051 pyxide
848 1970 932 2052 clusi,
955 1990 1044 2050 quam
1063 1971 1171 2033 diebus
1188 1993 1216 2032 ao

157 2060 208 2122 xl.
232 2062 389 2140 diligenter
413 2059 559 2138 alligatam
583 2067 700 2139 oportet
722 2059 840 2140 baberi3
863 2067 966 2138 postea
990 2077 1027 2121 ex
1050 2079 1085 2121 eo
1105 2063 1170 2139 pin-

157 2149 227 2211 nula
255 2149 430 2211 oblinendae
458 2157 529 2208 sunt
556 2155 687 2208 strumae
716 2166 866 2227 superque
892 2166 942 2209 eas
965 2149 1050 2227 pellis
1074 2149 1172 2211 lanata

157 2256 217 2298 uon
241 2241 365 2298 nimium
388 2246 472 2296 tonsa
497 2235 616 2312 tegendi
639 2239 733 2315 gratia
756 2237 924 2316 inponenda
943 2246 997 2298 est.
1034 2237 1172 2317 Praecipi

158 2332 257 2399 autem
280 2333 411 2404 oportet,
434 2343 472 2384 ne
497 2326 563 2403 quis
586 2324 643 2384 boc
666 2325 881 2386 medicamento
905 2343 1010 2387 manus
1033 2327 1172 2404 inquinet

105 2423 139 2474 98
158 2422 210 2474 aut
232 2415 409 2494 inquinatas,
431 2415 607 2492 priusquam
625 2413 701 2473 bene
720 2412 837 2496 eluerit,
860 2413 896 2474 ad
915 2432 949 2473 os
968 2414 1086 2475 referat.
1125 2415 1169 2475 ad
1186 2433 1215 2474 25

159 2509 287 2563 strumas
310 2509 341 2561 et
364 2502 400 2562 ad
424 2501 548 2562 duritias
572 2519 766 2561 mammarum
790 2501 915 2562 mirifice
938 2502 1009 2562 facit
1031 2501 1088 2564 boc
1109 2521 1170 2563 me-

158 2591 371 2671 dicamentum,
399 2597 556 2668 antequam
586 2597 753 2668 suppurent
781 2597 901 2668 etpost
925 2593 1171 2670 suppurationem

157 2679 250 2740 nihilo
271 2681 371 2739 minus
394 2677 467 2739 utile
487 2686 542 2758 est,
565 2679 674 2756 accipit
691 2678 778 2739 baec:
798 2677 863 2738 Olei
882 2681 989 2738 veteris
1008 2678 1040 2740 P.
1055 2678 1076 2760 l,
1101 2697 1171 2758 spu-

157 2786 222 2828 mae
252 2768 367 2847 argenti
389 2767 420 2827 P.
440 2766 466 2846 l,
494 2765 586 2846 gallae
615 2765 751 2845 Syriacae
780 2765 810 2826 P.
830 2766 870 2848 ΙΙ,
898 2785 1022 2827 mannae
1049 2766 1113 2828 P.I
1141 2776 1172 2828 et

157 2858 289 2938 unciam,
317 2855 435 2934 galbani
457 2855 488 2918 P.
507 2855 529 2915 l.
576 2853 650 2914 Cum
678 2853 743 2915 oleo
767 2857 907 2934 coquitur
930 2873 1049 2937 spuma,
1075 2855 1170 2917 donec
1186 2874 1216 2915 ao

158 2947 252 3005 ceroti
280 2946 370 3024 spissi
396 2943 503 3004 habeat
531 2950 775 3024 temperaturam,
804 2943 910 3004 deinde
938 2943 1119 3004 admiscetur
1142 2946 1172 3006 ei

158 3033 232 3112 galla
260 3041 290 3094 et
318 3032 483 3094 secundum
508 3032 584 3093 hanc
608 3050 728 3113 manna;
756 3051 824 3092 cum
853 3032 1005 3112 emplastri
1032 3032 1172 3094 babuerit

158 3123 395 3203 spissitudinem,
418 3121 533 3182 tollitur
556 3120 592 3181 ab
616 3123 679 3200 igni
702 3120 951 3181 medicamentum
975 3129 1005 3182 et
1028 3139 1096 3182 cum
1121 3121 1171 3181 de·

150 3205 242 3274 ‘sierit
265 3213 390 3292 fervere,
413 3210 555 3290 paulatim
577 3209 735 3290 galbanum
757 3211 910 3291 miscetur,
935 3209 1042 3270 deinde
1066 3209 1171 3270 linitur

229 3348 371 3404 uterinae
390 3362 440 3402 om.
505 3345 599 3402 odos.
665 3351 697 3400 10
717 3342 891 3399 aeferveacit.
955 3349 988 3398 1⁸
1007 3345 1172 3418 aspergere]

157 3435 297 3546 ffiffffe'
392 3417 452 3472 fios.
548 3421 581 3472 1‘1
609 3416 763 3472 hebiseum.
873 3419 906 3468 19
935 3416 1029 3470 enecti
1057 3417 1171 3485 scripsi.-
