2528 3814
487 115 728 200 4271-

187 297 232 358 Ad
251 296 397 358 calculum
416 299 497 376 potio
517 297 645 358 salubris
664 298 822 358 coniicitur
841 300 897 360 sic:
917 297 1025 359 Semen
1040 301 1107 380 apii,
1115 319 1166 368 135

99 385 236 468 libystici,
259 385 391 466 feniculi,
414 385 515 446 anethi
538 388 640 465 aequis
664 387 814 446 mensuris
840 389 945 448 tritum
967 389 1112 449 miscetur

99 483 129 535 et
151 473 262 536 herbae
286 475 449 553 saxifragae
473 492 564 553 grana
586 473 624 556 V,
652 477 765 536 cumini
788 493 878 553 grana
901 478 971 556 tria,
998 478 1111 556 piperis

98 581 189 643 grana
207 563 240 645 V,
263 563 410 624 verbenae
433 563 502 624 folia
525 565 583 624 tria
606 573 636 625 et
659 563 728 624 salis
751 563 956 643 permodicum
975 564 1110 626 adicitur.

66 671 81 712 5
98 652 143 712 Ex
158 651 296 712 omuibus
310 660 409 713 autem
424 651 588 713 seminibus
603 669 693 731 supra
708 654 827 732 scriptis
842 652 1004 731 aequaliter
1019 671 1110 731 quan-

98 749 163 801 tum
191 740 288 802 tribus
318 740 431 822 digitis,
458 741 489 802 id
519 749 567 802 est
593 741 700 820 pollice
727 749 758 802 et
781 740 817 801 ab
841 741 945 802 eodem
968 743 1057 802 tertio
1082 750 1112 802 et

98 836 214 910 quarto,
236 829 328 890 levari
349 836 458 910 potest,
480 831 618 911 mittitur,
642 829 748 890 deinde
771 837 911 891 teruntur
930 831 1027 890 omnia
1047 829 1110 890 dili-

98 924 216 998 genter,
243 926 346 996 postea
370 919 498 979 adicitur
520 921 641 978 caroeni
663 919 768 998 optimi
790 920 872 997 potio
896 917 1025 997 grandis.
1066 918 1110 978 Ad

97 1006 173 1067 hane
202 1024 272 1066 sane
299 1008 451 1086 potionem
479 1007 660 1067 miscendam
692 1007 808 1068 radices
838 1024 1047 1086 asparagorum
1081 1015 1111 1068 et

51 1115 81 1154 1o
98 1096 158 1173 apii
181 1101 211 1155 ct
234 1094 334 1156 anethi
362 1103 391 1155 et
416 1094 539 1156 feniculi
562 1094 639 1156 lotae
663 1095 887 1174 diligentissime
911 1097 943 1155 in
966 1097 1111 1156 sextarios

97 1201 191 1262 aquae
210 1183 320 1244 nitidae
339 1185 508 1264 mittuntur,
526 1183 567 1244 ita
586 1193 621 1245 ut
639 1184 754 1245 radices
771 1186 853 1262 ipsae
867 1191 1007 1262 tegantur
1026 1202 1111 1265 aqua,

96 1279 187 1351 atque
215 1273 247 1330 in
275 1271 331 1332 olla
358 1272 427 1332 rudi
455 1279 626 1351 coquuntur
652 1273 689 1340 ad
717 1274 829 1333 tertias.
871 1271 915 1331 Ex
938 1274 1003 1350 ipsa
1026 1290 1111 1354 aqua,

97 1359 150 1420 sed
179 1359 272 1420 calida
299 1360 450 1420 miscenda
478 1363 559 1438 potio
587 1363 708 1422 caroeui
733 1370 764 1422 et
786 1361 958 1439 accipienda
980 1379 1035 1440 per
1057 1363 1109 1422 tri·

97 1448 203 1528 duum,
231 1448 384 1509 sufficiunt
409 1457 508 1510 autem
532 1449 591 1510 duo
613 1450 703 1511 hrrius
727 1468 819 1530 aquae
843 1451 964 1510 sextarii
988 1450 1023 1509 ad
1047 1458 1109 1510 tres

16 1569 18 1584 1
49 1559 79 1598 15
98 1537 218 1597 caroeni
240 1537 418 1598 maiusculas
440 1539 586 1617 potiones
629 1539 688 1599 Sed
712 1540 738 1598 si
761 1540 924 1598 necessitas
943 1540 1109 1616 praesentis

16 1679 17 1682 ,
97 1624 209 1686 doloris
228 1628 369 1708 exegerit,
388 1645 442 1705 per
461 1626 594 1687 triduum
614 1629 789 1687 continuum
808 1624 970 1706 dabuntur;
994 1627 1110 1686 sivero

96 1715 163 1793 quis
190 1715 294 1774 timeat
321 1714 526 1776 tantummodo
554 1715 672 1776 dolores
700 1733 789 1793 supra
819 1716 947 1793 scriptos
979 1722 1030 1774 aut
1058 1713 1109 1774 ali·

96 1802 214 1880 quando
238 1803 407 1884 pertulerit,
435 1805 561 1882 accipiet
588 1806 677 1864 etiam
705 1821 794 1864 sanus
817 1803 874 1863 hoo
897 1801 984 1862 modo
1007 1810 1109 1863 vetere

94 1890 166 1951 luna
197 1899 259 1952 tres
292 1899 407 1953 tantum
439 1891 537 1954 tribus
569 1892 721 1953 mensibus
755 1891 885 1971 singulas
913 1893 1049 1969 potiones
1079 1899 1109 1952 et

17 1975 19 2064 l
50 2002 78 2041 so
94 1980 206 2058 iugiter
230 1989 332 2041 contra
355 1981 436 2042 hunc
458 1980 596 2042 morbum
620 1984 679 2042 erit
700 1988 784 2042 tutus
808 1988 838 2040 et
861 1998 959 2040 sanus.

17 2113 19 2162 l

494 2176 572 2237 tir.
596 2175 710 2236 XXVll.

17 2249 19 2254 V
94 2285 238 2354 oyuoois
261 2288 297 2342 et
319 2286 532 2355 dysintericis
555 2290 590 2343 et
612 2286 807 2343 torminosis
831 2289 866 2341 et
886 2286 930 2342 ad
949 2284 1109 2341 intestina

93 2377 197 2444 rupto
224 2377 259 2431 et
288 2376 333 2431 ad
360 2375 512 2432 internos
539 2377 677 2432 morbos
702 2378 806 2446 atque
829 2373 1108 2444 incontinentiam

18 2527 19 2542 ,
132 2463 291 2520 stercoris
314 2465 463 2520 remedia
485 2465 625 2535 physice.
648 2468 683 2520 ct
705 2463 917 2520 rationabilis
940 2463 1072 2519 diversa

448 2554 491 2609 dc
514 2552 751 2624 expcrmentls.

19 2699 21 2750 l
182 2687 321 2750 Pastillus
351 2691 386 2750 ad
416 2691 560 2752 coeliacos
589 2700 619 2752 et
643 2693 823 2751 torminosos
846 2690 957 2768 optimc
981 2688 1106 2750 iaciens:
1126 2708 1140 2757 1

19 2781 21 2858 l
94 2741 228 2858 Acaciae,
245 2777 381 2858 balausti,
400 2780 429 2840 id
449 2787 495 2840 est
513 2778 582 2840 mali
601 2781 724 2859 granati,
744 2779 824 2858 quod
843 2780 960 2858 cytinus
977 2785 1105 2858 vocatur,

19 2861 21 2976 J
94 2883 226 2948 germen,
249 2875 407 2948 antequam
428 2867 574 2946 florescat,
597 2868 809 2948 hypocistidos,
832 2869 901 2947 opii,
921 2866 1106 2945 singulorum

19 2985 20 3008 r
94 2955 232 3016 denarios
256 2958 376 3037 quinos,
400 2956 515 3036 alterci,
539 2965 637 3018 cretae
662 2956 786 3038 Samiae,
810 2956 994 3036 singulorum
1018 2955 1105 3015 dena·

19 3017 21 3075 ⁸
54 3062 80 3102 ss
94 3045 156 3104 rios
179 3062 276 3105 senos.
306 3044 360 3105 His
383 3044 459 3105 benc
483 3047 579 3106 tunsis
598 3053 629 3106 et
647 3048 737 3106 cretis
757 3063 792 3105 ex
811 3047 878 3105 vino
898 3051 1011 3123 myrteo
1031 3044 1106 3103 liunt

184 3213 345 3270 stibistici.
392 3221 516 3283 agrena
535 3214 573 3286 V]
592 3213 713 3286 manati.
767 3213 835 3284 tria]
854 3215 920 3268 tros.
964 3210 1105 3280 8ceryni.

95 3291 127 3340 ts
147 3285 250 3355 oaryni
325 3290 359 3340 14
378 3285 561 3340 sufficiuntur.
636 3291 668 3340 15
689 3285 794 3354 caryni

182 3359 240 3412 tit:
259 3356 393 3413 internus.

182 3433 215 3482 21
236 3427 363 3502 cpliscos.
441 3433 475 3482 22
495 3425 607 3496 cytinus
625 3426 738 3495 scripsi.-
757 3425 891 3493 optinum.
963 3429 996 3478 23
1015 3423 1104 3492 hypo·

94 3498 226 3570 cystidos.
299 3505 334 3554 at
353 3498 530 3555 denariorum
549 3499 621 3568 (bis).
694 3496 801 3552 samito.
