2564 3794
498 122 736 188 -151-

109 290 141 348 in
165 286 253 368 aluta,
276 305 345 347 cum
368 304 444 366 opus
467 294 514 346 cst
536 286 658 366 adponi;
680 288 769 348 tertio
793 287 839 348 vel
864 294 969 367 quarto
993 286 1041 348 die
1065 287 1121 348 sol·

109 377 198 456 vitnr,
218 377 243 436 si
261 393 322 435 non
341 376 572 454 suppuraverint
590 381 735 456 strumae;
755 374 806 436 sed
822 378 848 436 si
862 384 981 455 apertae
1000 377 1121 456 luerint,

108 464 208 524 hieme
231 463 354 524 alternis
373 463 513 543 solvetur,
532 470 642 524 aestate
663 464 794 526 cottidie.
827 463 968 543 Malagma
987 464 1023 524 ad
1043 471 1120 526 stru·
1139 477 1175 527 so

109 571 173 614 mas
197 560 228 613 et
246 552 282 612 ad
305 570 423 612 omnem
442 552 582 614 duritiam
601 551 789 614 relaxandam
808 553 966 613 mirificum
986 555 1042 614 sic:
1065 551 1121 614 lle-

81 643 192 701 ssinae
220 639 437 705 terebinthinae
460 639 492 701 P.
510 640 551 722 ll,
574 659 660 702 cerae
684 640 836 720 selibram,
863 640 1009 722 propolis,
1032 659 1121 720 quam

110 729 230 808 quidam
249 747 348 789 ceram
367 746 481 790 sacram
499 736 615 810 vocant,
633 727 664 789 P.
679 728 700 810 l,
718 728 836 807 galbani
849 729 880 791 P.
894 729 917 810 l,
935 729 993 789 olei
1011 731 1121 790 veteris

110 817 259 878 selibram.
287 816 367 878 Haec
386 819 484 878 omnia
503 835 572 878 cum
591 817 656 878 oleo
675 817 710 877 ad
729 819 828 896 ignem
842 817 990 897 liquefieri
1004 825 1122 897 oportet

110 913 141 966 et
158 912 262 984 postea
279 907 400 966 misceri
418 907 493 966 visci
510 905 547 967 de
567 924 680 985 quercu
699 905 730 968 P.
749 905 771 986 l,
789 906 883 985 xiphii
901 905 1018 985 radicis,
1041 906 1121 985 qnod

108 1012 164 1054 nos
187 993 344 1072 gladiolum
368 993 559 1076 appellamus,
581 994 612 1055 P.
631 993 653 1074 l,
676 994 807 1055 laecnlae
830 996 927 1074 putris
950 993 981 1054 P.
999 993 1022 1076 l,
1045 994 1121 1054 alro-

69 1101 95 1140 1o
109 1085 181 1143 nitri
212 1082 306 1143 librae
339 1083 547 1164 quadrantem,
579 1084 757 1161 opopanacis
789 1082 821 1144 P.
844 1083 865 1143 l.
911 1081 991 1143 Haec
1023 1085 1121 1144 omnia

110 1172 227 1251 ordine,
254 1189 313 1250 quo
344 1174 455 1251 scripta
479 1179 561 1251 sunt,
590 1173 659 1232 trita
687 1170 870 1251 criblataque
898 1173 929 1232 in
958 1171 1120 1236 caccabum

109 1261 312 1339 coniciuntur,
340 1277 493 1340 opopanax
520 1259 585 1320 oleo
611 1259 735 1322 diluitur
759 1269 789 1320 et
812 1261 949 1339 solvitur3
972 1260 1024 1322 ubi
1047 1270 1120 1322 tem-

109 1356 245 1426 peratum
264 1357 310 1409 est
325 1348 581 1429 medicamentum,
599 1347 737 1410 manibus
752 1349 909 1430 subigitur,
928 1348 1033 1410 linitur
1051 1368 1120 1412 cum

109 1455 184 1516 opus
208 1444 254 1496 est
276 1437 355 1497 aluta
379 1444 409 1498 et
431 1439 474 1498 sic
496 1437 665 1516 adponitur.

69 1542 96 1584 sa
197 1524 350 1586 Glandulis
368 1527 458 1586 iacies
476 1526 641 1587 remedium
660 1528 717 1588 sica
739 1523 885 1607 Farinam,
907 1525 974 1607 mel,
993 1540 1176 1590 crocumloo

109 1622 139 1674 et
162 1615 274 1676 caricas
297 1614 386 1674 simul
408 1617 500 1676 misce
524 1623 554 1676 et
576 1623 698 1676 contere
722 1622 810 1692 atque
833 1633 927 1675 unum
946 1631 1057 1693 corpus
1080 1616 1121 1675 la-

109 1705 168 1763 cito
191 1711 222 1763 et
244 1704 286 1763 ita
307 1703 398 1764 linteo
421 1703 513 1763 inline
533 1711 563 1764 et
581 1721 673 1781 super
691 1701 843 1781 glandulas
861 1721 947 1782 pone.
989 1701 1115 1764 Carmen
1124 1715 1174 1766 101

109 1793 217 1852 mirum
240 1791 276 1851 ad
300 1791 452 1870 glandulas
476 1794 533 1852 sic:
569 1790 674 1852 Albula
697 1790 834 1869 glandula
862 1809 918 1852 nec
941 1789 1041 1850 doleas
1065 1810 1120 1852 nec

109 1898 216 1940 noceas
244 1898 300 1940 nec
323 1881 475 1958 paniculas
498 1881 603 1961 iacias,
632 1880 683 1940 sed
707 1879 854 1958 liquescas
878 1887 1027 1957 tamqnam
1051 1878 1122 1940 salis

69 1985 95 2025 ao
109 1969 140 2028 in
163 1987 246 2047 aqua.
281 1967 344 2029 Hoc
367 1977 415 2030 ter
437 1971 540 2030 novies
563 1969 666 2030 dicens
690 1985 780 2047 spues
803 1968 839 2028 ad
863 1976 974 2029 terram
993 1975 1023 2028 et
1041 1968 1120 2047 glan-

109 2057 192 2118 dulas
219 2060 299 2136 ipsas
333 2057 439 2138 pollice
471 2067 502 2118 et
534 2057 626 2136 digito
658 2056 829 2118 medicinali
857 2055 1016 2136 perduces,
1049 2056 1121 2118 dum

108 2164 228 2207 carmen
257 2147 345 2227 dicis3
373 2147 424 2207 sed
454 2155 521 2207 ante
549 2145 620 2207 solis
648 2156 746 2206 ortum
775 2153 806 2206 et
832 2153 901 2224 post
928 2162 1067 2205 occasum
1089 2146 1120 2210 id

109 2235 208 2316 iacies,
227 2243 317 2314 prout
340 2235 404 2296 dies
428 2243 554 2296 autnon
574 2236 734 2294 minuetur.
771 2233 929 2294 Glandulas
948 2252 1033 2294 mane
1053 2247 1175 2297 car-102

109 2324 244 2405 minabis,
268 2327 293 2385 si
317 2323 381 2384 dies
404 2325 569 2404 minuetur,
593 2324 619 2383 si
641 2341 713 2406 nox,
737 2322 772 2384 ad
796 2341 950 2403 vesperam
973 2333 1003 2384 et
1026 2323 1119 2402 digito

67 2429 95 2469 as
109 2413 277 2474 medicinali
304 2431 338 2473 ac
366 2410 472 2492 pollice
500 2413 656 2472 continens
684 2412 858 2472 easdioes:
894 2410 1006 2472 Novem
1038 2412 1119 2491 glan-

109 2501 195 2582 dulae
223 2518 355 2581 sorores,
383 2508 450 2560 octo
480 2499 635 2578 glandulae
663 2517 794 2579 sorores,
823 2507 936 2578 septem
965 2499 1120 2578 glandulae

109 2607 237 2669 sorores,
260 2607 312 2648 sex
335 2588 490 2666 glandulae
513 2606 642 2670 sorores,
665 2590 796 2667 quinque
817 2586 973 2665 glandulae
992 2606 1121 2670 sorores,

110 2685 252 2756 quattuor
273 2676 428 2756 glandulae
457 2695 589 2758 sorores,
617 2687 679 2736 tres
702 2675 857 2754 glandulae
880 2694 1015 2758 sorores,
1043 2677 1119 2738 duae

109 2765 263 2843 glandulae
287 2783 420 2846 sorores,
448 2783 506 2826 una
529 2764 667 2843 glandula
690 2782 788 2844 soror,
811 2782 917 2824 novem
940 2765 1016 2826 liunt
1038 2765 1120 2844 glan·

68 2868 95 2908 eo
109 2853 208 2935 dulae,
236 2860 303 2914 octo
332 2854 408 2915 liunt
434 2853 603 2934 glandulae,
632 2861 745 2932 septem
774 2855 849 2914 liunt
871 2853 1039 2935 glandulae,
1067 2873 1120 2916 sex

108 2943 185 3003 liunt
211 2941 379 3023 glandulae,
407 2944 539 3021 quinque
566 2943 642 3003 liunt
669 2940 837 3024 glandulae,
870 2949 1012 3021 quattuor
1043 2944 1120 3006 liunt

107 3029 276 3110 glandulae,
299 3038 362 3090 tres
385 3031 461 3091 dunt
483 3029 651 3110 glandulae,
674 3030 748 3090 duae
772 3031 848 3092 liunt
873 3031 1037 3112 glandulae,
1060 3051 1120 3093 una

107 3119 141 3179 lit
164 3118 310 3200 glandula,
333 3117 413 3179 nulla
436 3119 469 3179 lit
492 3117 637 3195 glandula.

195 3207 240 3268 Ad
263 3225 306 3286 ea,
330 3225 405 3286 qnae
429 3206 564 3267 lancibus
587 3205 793 3288 inhaerebunt,
815 3207 989 3268 remedium.
1026 3207 1057 3267 Si
1080 3218 1174 3268 oslos

68 3304 159 3357 aeaut
181 3299 271 3356 arista
294 3295 425 3356 haeserit
447 3294 541 3375 gulae,
564 3294 610 3354 vel
632 3297 707 3376 ipse,
730 3297 779 3355 cui
802 3295 951 3373 acciderit,
975 3294 1020 3354 vel
1044 3293 1119 3355 alius

179 3482 335 3553 81iphiae.
408 3487 442 3538 ³5
461 3481 620 3553 paniculas]
639 3481 772 3552 perenici.
844 3479 976 3536 scederit.
