2540 3802
517 140 831 204 —196—2

129 305 275 385 Cydoneis
295 312 344 363 aut
363 301 499 382 palmulis
520 300 677 362 Thebaicis
699 312 749 362 aut
767 301 848 362 bacis
867 309 980 380 myrtae
999 300 1047 360 vel
1066 301 1145 361 loliis

130 401 181 455 aut
205 394 304 471 granis
328 391 396 452 mali
420 390 524 450 Punici
552 399 603 452 aut
628 391 747 451 lentisci
769 390 847 450 foliis
866 391 978 450 teneris
1002 398 1054 450 aut
1077 389 1146 450 rubi

68 506 75 520 ‘
130 483 260 544 admixto
282 480 342 540 illic
366 480 464 558 aliquo
485 498 575 559 supra
593 479 666 540 dicti
684 481 802 557 generis
821 480 898 539 vino.
937 477 1025 538 Panis
1045 486 1147 539 autem

129 569 302 632 huiusmodi
329 567 554 630 difficultatibus
584 568 706 647 prodest
736 569 905 628 summatim
936 567 1146 648 fermentatum

132 660 229 721 edulia
257 677 376 738 quoque
403 665 530 737 prosunt
557 657 644 718 haec:
680 655 793 736 lntubi,
825 655 957 716 lactucae
988 674 1024 716 ex
1052 664 1179 737 aceto,s

79 733 92 812 l
131 748 289 828 brassicae,
309 749 395 826 siser,
414 746 530 806 cocleae
551 745 704 806 bullientis
728 744 870 818 frustella,
892 743 1036 824 magellae,
1056 745 1150 827 turdi,

1 889 9 907 ,
72 839 86 860 '
131 839 282 918 perdices,
314 843 464 916 turtures,
496 843 662 914 attagenac,
689 833 834 917 palumbi,
863 835 977 913 cancri,
1005 833 1150 916 locustae,

132 927 287 1006 lolligines
312 926 437 1006 saepiae,
460 924 553 1005 mulli,
577 925 716 1003 murices,
739 940 900 1001 purpurae,
923 921 1105 1000 pectunculi.

80 1029 113 1078 27
222 1015 266 1075 Ad
290 1013 456 1074 resolutum
480 1013 664 1074 stomachum
688 1012 753 1072 dari
775 1018 893 1089 oportet
918 1011 1055 1087 protinus
1079 1030 1151 1071 cum

133 1104 272 1164 reiecerit
299 1120 406 1179 panem
435 1119 471 1160 ex
499 1120 575 1180 aqua
603 1101 709 1178 frigida
735 1099 782 1159 vel
814 1117 850 1158 ex
877 1117 967 1177 posca
999 1107 1029 1158 et
1057 1102 1084 1158 si
1112 1117 1152 1159 ne
1169 1118 1197 1156 to

133 1192 191 1251 hoc
212 1190 332 1267 quidem
350 1191 540 1269 continuerit,
560 1191 660 1248 statim
679 1188 749 1247 dare
769 1187 859 1247 debes
878 1186 988 1248 lentem
1006 1195 1036 1247 et
1049 1187 1153 1248 betam

135 1285 249 1339 coctam
277 1276 324 1335 vel
355 1276 458 1336 alicam
485 1275 532 1335 rel
560 1294 613 1335 ova
641 1275 723 1353 apala
747 1275 793 1335 vel
816 1275 965 1354 ungellam
988 1276 1153 1337 discoctam

134 1365 181 1425 vel
205 1363 320 1424 cocleas
344 1364 434 1424 elixas
458 1370 509 1424 acrt
532 1365 662 1423 murices
686 1373 716 1423 et
739 1382 845 1442 aquam
869 1364 1019 1444 frigidam3
1048 1366 1100 1424 sed
1128 1370 1155 1426 si

82 1521 85 1533 ,
136 1453 211 1515 nihil
234 1471 324 1533 supra
347 1452 496 1513 dictorum
519 1453 710 1532 continuerit,
734 1453 849 1514 dandus
873 1455 931 1512 erit
953 1454 1015 1512 vini
1038 1457 1155 1514 austeri

135 1544 213 1604 meri
231 1541 354 1624 cyathus
373 1550 403 1602 et
421 1560 457 1602 ex
476 1541 631 1601 intervallo
651 1541 697 1601 bis
716 1548 798 1601 terve
818 1559 924 1601 rursus
943 1541 1022 1601 idem
1042 1543 1197 1603 facien-15

84 1645 118 1694 28
138 1633 209 1694 dum
233 1634 299 1691 erit.
322 1630 404 1690 Vinis
429 1649 547 1710 quoque
571 1630 716 1690 utendum
740 1638 786 1690 est
809 1631 881 1692 satis
902 1630 1053 1690 stomacho
1073 1631 1155 1692 utili-

138 1721 195 1782 bus
225 1729 275 1780 aut
303 1737 339 1779 ex
370 1719 452 1779 bacis
480 1726 592 1798 myrtae
623 1719 709 1778 lactis
741 1727 793 1777 aut
825 1737 861 1778 ex
895 1717 979 1778 malis
1012 1718 1155 1797 cydoneis

137 1811 251 1888 pressis
274 1815 325 1867 aut
349 1825 385 1867 ex
403 1809 548 1887 iuniperis
566 1808 611 1867 vel
631 1807 743 1886 hysopo
763 1807 882 1867 condito
901 1807 947 1866 vel
965 1809 1086 1886 origano
1106 1809 1156 1868 vel

139 1916 175 1957 ex
198 1895 350 1956 marrubio
374 1896 420 1956 vel
444 1915 480 1956 ex
503 1903 570 1958 ruta
597 1896 728 1956 silvatica
748 1895 793 1954 vel
812 1914 848 1955 ex
866 1894 958 1954 herba
977 1896 1156 1978 lucernaria,

140 2003 228 2066 quam
252 1984 358 2045 Graeci
379 1984 520 2063 phlomon
543 1992 662 2063 vocant,
686 1983 733 2044 vel
755 2003 791 2043 ex
814 1983 932 2044 scordio
956 1983 1002 2044 vel
1025 2003 1061 2044 ex
1085 2004 1156 2046 cen·
1171 2004 1201 2043 ao

139 2083 244 2136 taurea
266 2073 313 2134 vel
335 2092 371 2133 ex
394 2073 470 2152 lycio
493 2073 540 2132 vel
563 2091 599 2132 ex
622 2072 777 2133 absenthio
799 2072 845 2132 vel
864 2091 900 2132 ex
918 2072 1088 2133 terebintho
1108 2074 1157 2134 vel

141 2183 177 2225 ex
199 2163 324 2224 lentisco
348 2161 394 2222 vel
418 2180 453 2222 ex
476 2163 550 2240 piris
571 2161 699 2239 Syriacis
723 2160 769 2220 vel
792 2179 828 2220 ex
851 2161 928 2220 malo
952 2171 1082 2239 granato.

88 2267 121 2315 29
229 2253 273 2312 Ad
296 2251 479 2312 inflationem
503 2249 656 2329 stomachi,
680 2249 738 2310 coli
760 2259 790 2309 et
813 2251 925 2309 ventris
948 2249 1065 2309 dolores
1084 2252 1156 2311 dan-

142 2341 212 2400 dum
232 2349 278 2400 est
296 2339 469 2399 huiusmodi
486 2338 748 2398 medicamentum:
771 2337 889 2415 Piperis
906 2337 1007 2418 llllll,
1028 2343 1157 2400 castorei

142 2427 209 2506 ill,
232 2429 281 2504 opi
304 2426 383 2506 llll,
407 2445 522 2506 myrrae
544 2425 570 2484 li
589 2425 621 2506 V,
645 2425 811 2504 petrosilini
831 2424 855 2484 ll
874 2425 936 2506 llll,
960 2429 1042 2486 anesi
1062 2427 1087 2486 ll
1105 2428 1156 2508 ΙΙΙ,
1172 2446 1205 2486 25

142 2515 230 2575 nardi
249 2515 385 2593 Syriacae
407 2514 432 2574 ll
451 2514 472 2575 l.
510 2514 740 2575 Contunduntur
763 2521 793 2573 ct
812 2514 982 2575 cribrantur
1006 2519 1103 2576 omnia
1127 2527 1158 2577 et

143 2605 375 2684 permiscentur,
408 2604 477 2663 inde
506 2603 593 2663 datur
621 2611 651 2663 et
679 2611 746 2663 ante
775 2610 893 2662 noctem
921 2611 952 2663 et
979 2606 1008 2663 in
1038 2613 1158 2665 noctem

144 2691 317 2752 cocliarium
336 2690 383 2750 vel
401 2691 468 2769 plus
487 2710 542 2770 pro
562 2693 708 2769 cuiusque
728 2690 842 2751 viribus
861 2711 929 2752 cum
944 2693 1048 2771 cyatho
1064 2712 1158 2772 aquae

145 2779 256 2840 calidae
289 2787 318 2839 et
349 2780 444 2840 mellis
475 2787 618 2859 quantum
651 2781 723 2839 satis
756 2779 912 2841 videbitur.
962 2778 1041 2841 llaec
1075 2785 1158 2860 potio

146 2887 283 2928 somnum
311 2868 461 2948 conciliat,
491 2870 700 2928 concoctiones
728 2867 905 2947 doloresque
935 2887 1037 2930 omnes
1061 2871 1159 2953 sedat,
1174 2888 1206 2928 eo

145 2959 305 3036 praecipue
334 2965 433 3017 autem
463 2957 586 3036 prodest
613 2956 744 3036 mulieri,
777 2975 851 3034 qnae
882 2957 946 3017 colo
975 2967 1098 3020 vexatur
1129 2970 1160 3021 et

146 3047 217 3105 viris
242 3045 345 3106 eodem
367 3045 454 3106 modo
474 3045 676 3105 laborantibus
695 3048 841 3106 convenit.
878 3046 951 3106 ltem
971 3048 1008 3107 ad
1026 3057 1160 3110 tumores

146 3135 390 3214 praecordiorum
414 3137 502 3196 etiam
523 3136 554 3194 in
573 3133 706 3195 febribus
726 3143 756 3194 et
774 3135 810 3194 ad
828 3136 935 3208 tussim
955 3137 1039 3196 etad
1058 3137 1161 3198 lateris

237 3289 414 3345 ohuedulie.
507 3288 675 3342 iluousiae.
726 3269 797 3340 Ι11
819 3285 905 3342 debis.
993 3293 1024 3341 12
1045 3288 1161 3362 alicam]

148 3360 222 3413 alica
241 3360 308 3415 eius.
392 3365 425 3414 15
444 3359 550 3430 mrsus]
570 3375 640 3412 rens.
727 3357 815 3428 idem]
834 3356 897 3426 ipsi.
987 3365 1018 3413 17
1039 3363 1161 3430 myrrae]

148 3429 257 3485 mistae.
350 3438 382 3486 19
402 3429 571 3501 lucernario]
590 3428 712 3484 tinieria.
805 3435 839 3482 20
858 3427 942 3483 folon.
1035 3429 1162 3486 scordeo.

150 3503 183 3551 21
201 3499 275 3556 licio.
348 3509 383 3556 26
402 3501 581 3556 scribreuiur.
