2564 3794
487 155 724 218 -127—

100 314 259 376 salubriter
278 315 382 375 dentes
402 315 591 376 conluuntur.
624 316 723 375 Fimus
742 316 823 374 corvi
842 313 938 375 lanula
953 314 1111 376 obvolutus
1130 328 1164 379 61

99 404 182 463 denti
205 421 275 464 cavo
299 403 466 484 infulcitur,
495 405 663 464 minutatim
687 421 720 463 ac
744 405 808 462 sine
832 402 933 463 dolore
959 421 1027 464 eum
1051 404 1110 464 dis·

99 495 200 553 cutiet.
234 490 399 572 Veratrum,
422 492 451 552 id
475 501 521 552 est
544 492 653 554 bulbus
677 490 755 570 quod
779 499 825 551 est
843 509 938 569 genus
956 510 1056 573 cepae,
1078 495 1108 553 in
1129 506 1162 555 62

98 591 182 640 aceto
205 579 383 659 decoquitur
405 581 495 660 idque
519 589 635 642 acetum
659 599 711 640 ore
734 582 913 660 continetur,
939 588 973 640 nt
996 581 1109 642 mobili·

71 677 143 730 stas
167 668 300 729 dentium
324 671 454 730 sistatur.
495 669 663 749 Ruborum,
690 671 722 728 in
746 667 855 746 quibus
878 685 961 728 mora
985 687 1109 730 nascun·
1129 683 1162 732 aa

98 766 161 837 tur,
189 759 319 836 pampini
347 757 556 837 decoquuntur
583 761 615 818 in
643 759 711 817 vino
739 765 873 830 arastero,
903 757 981 836 quod
1008 760 1109 818 vinum

98 845 220 906 adsidue
249 863 300 906 ore
329 855 443 906 tentum
475 847 520 906 vel
545 849 609 924 ipsa
638 846 706 906 solia
734 845 976 906 commanducata
1004 845 1109 906 dentes

98 933 230 994 labantes
258 935 443 996 confirmant.
488 935 630 1013 Bestiola,
659 952 733 1013 quae
761 933 910 994 brassicae
935 936 1108 1011 innascitur,
1128 949 1162 997 oe

98 1023 172 1084 dens
195 1025 320 1083 vitiosus
344 1025 463 1102 saepius
482 1024 664 1084 confricatus
682 1026 761 1083 intra
780 1023 844 1083 dies
863 1040 973 1102 paucos
992 1025 1108 1084 eicitur.

58 1131 84 1172 ro
98 1112 183 1171 Aeris
202 1111 306 1171 florem
324 1111 474 1192 floresque
492 1113 619 1172 hederae
638 1114 703 1190 pari
721 1111 853 1189 pondere
867 1114 899 1171 in
912 1129 1006 1172 unum
1020 1114 1109 1172 terito
1128 1125 1161 1174 65

97 1203 225 1279 vinoque
249 1202 372 1261 misceto
396 1220 429 1261 ac
453 1201 576 1262 naribus
599 1201 759 1280 moderate,
783 1219 851 1260 eum
870 1200 1004 1260 dentium
1025 1200 1110 1260 dolor

97 1289 196 1368 fuerit,
218 1288 351 1368 infunde,
375 1291 472 1350 statim
497 1292 593 1350 omnis
612 1289 746 1349 molestia
765 1288 899 1350 dentium
918 1291 1108 1367 conpescitur

97 1386 127 1437 et
150 1386 280 1438 sanatur.

514 1483 593 1544 CAP.
617 1483 692 1543 Xili.

255 1594 453 1650 Dentifriois
475 1595 611 1651 diversa
634 1597 677 1650 de
701 1595 952 1664 experimentis.

185 1731 401 1811 Dentifricium,
425 1731 504 1810 quod
528 1731 699 1810 splendidos
724 1731 793 1790 iacit
816 1730 929 1810 dentes,
951 1730 1108 1790 conficitur
1128 1743 1142 1791 1

1 1893 2 1896 Ἴ
57 1840 83 1881 15
97 1822 153 1882 sic:
168 1819 292 1881 Farinae
302 1819 470 1880 hordiaciae
481 1817 512 1880 θ
524 1819 536 1879 1
550 1821 707 1898 conspergi
721 1826 839 1897 oportet
848 1827 931 1879 aceto
942 1836 1010 1879 cnm
1021 1818 1107 1879 melle

1 1923 2 1984 J
95 1911 188 1970 mixto
203 1918 233 1970 et
247 1908 344 1988 subigi
359 1908 472 1969 diutius
486 1916 575 1987 atque
588 1910 629 1968 ita
645 1909 677 1967 in
696 1906 830 1986 globulos
848 1907 940 1967 dividi
958 1925 1023 1987 ser3
1042 1910 1106 1986 qui·

1 1989 2 2072 i
96 1996 153 2058 bus
167 1997 296 2058 dilatatis
310 1998 467 2059 admisceri
482 1996 551 2057 salis
565 1997 678 2056 fossicii
693 1997 882 2074 semunciam,
897 1995 1004 2056 deinde
1019 1995 1106 2056 furno

1 2093 2 2135 t
96 2088 197 2166 coqui,
221 2087 315 2147 donec
337 2089 369 2146 in
392 2085 552 2146 carbonem
575 2085 761 2165 redigantur3
784 2092 856 2144 ttrnc
879 2086 937 2144 teri
957 2084 1108 2162 oportebit

1 2150 2 2230 b
96 2174 197 2234 eadem
213 2184 243 2236 et
257 2176 414 2236 admisceri
428 2176 527 2254 spicae
542 2175 627 2234 nardi
641 2172 688 2234 vel
701 2173 763 2233 tour
778 2173 856 2252 qnod
872 2175 943 2233 satis
959 2172 1107 2233 videbitur

55 2283 81 2322 ao
95 2263 131 2323 ad
154 2263 276 2324 odorem
300 2264 481 2324 faciendum:
505 2263 561 2324 hoc
580 2262 700 2324 Octavia
718 2263 845 2340 Attgusti
866 2280 952 2322 soror
975 2279 1028 2322 usa
1052 2273 1105 2322 est.

95 2351 239 2413 Dentibus
254 2353 393 2413 curandis
408 2351 483 2412 bene
497 2353 566 2412 iacit
579 2351 688 2412 radicis
703 2351 807 2431 edulis,
826 2350 855 2411 id
875 2357 921 2412 est
935 2368 1010 2430 quae
1025 2369 1105 2412 man·
1124 2364 1140 2412 2

93 2441 229 2520 ducatur,
248 2450 350 2503 cortex
368 2442 496 2502 arefacta
515 2450 545 2502 et
563 2449 687 2502 contusa
702 2439 889 2518 cribrataque
904 2458 958 2519 pro
972 2439 1106 2500 dentifri-

94 2531 140 2589 cio
155 2529 294 2592 adbibita.
313 2528 428 2590 Vitrum
443 2529 610 2610 candidum,
625 2529 703 2608 qnod
719 2528 815 2588 simile
825 2527 1027 2608 estcrystalio,
1042 2528 1105 2588 diii·
1124 2541 1140 2590 3

94 2627 199 2696 genter
213 2621 318 2679 tritum
337 2619 464 2678 admixta
484 2621 564 2697 spica
583 2617 669 2678 nardi
687 2635 742 2696 pro
757 2617 926 2678 dentifricio
940 2616 1105 2678 adhibitum

52 2727 78 2767 aa
93 2707 256 2785 plurimum
270 2707 400 2785 prodest.
427 2707 559 2768 Utuntur
576 2707 711 2785 plerique
726 2709 815 2766 etiarn
828 2705 999 2766 huiusmodi
1012 2706 1106 2766 denti-

92 2796 193 2856 iricio:
212 2795 341 2856 Herbam
356 2795 539 2856 urceolarem
555 2795 814 2874 quamplurimam
830 2813 897 2855 cum
912 2795 1011 2855 radice
1026 2794 1106 2855 coili-
1124 2808 1141 2855 4

92 2895 175 2964 gunt,
195 2885 302 2945 deinde
321 2883 409 2944 lotam
431 2902 490 2945 uno
505 2885 553 2944 die
568 2886 689 2963 siccant,
704 2891 771 2962 post
785 2884 863 2943 diem
877 2884 992 2944 recenti
1010 2885 1106 2943 muria

91 2981 252 3054 macerant,
271 2975 360 3034 tertio
379 2973 426 3033 die
446 2991 616 3052 expressam
634 2974 666 3032 in
681 2971 737 3032 olla
752 2990 825 3032 nova
840 2980 1022 3052 componunt
1037 2971 1104 3033 sub-

92 3063 162 3122 inde
182 3062 251 3122 salis
270 3062 383 3123 fossicii
397 3063 483 3140 quasi
496 3061 625 3122 tabulata
639 3063 864 3139 interponentes
878 3069 966 3140 atque
983 3063 1024 3121 ita
1038 3079 1105 3140 per-

51 3170 79 3209 eo
92 3161 226 3230 coquunt
236 3151 356 3211 fornace
366 3149 506 3230 balneari,
516 3151 610 3210 donec
622 3152 653 3210 in
664 3149 823 3210 carbonem
832 3149 993 3229 redigatur,
1003 3158 1105 3228 postea

92 3243 179 3300 tritae
199 3240 363 3300 admiscent
381 3241 480 3318 spicae
495 3239 580 3299 nardi
594 3239 672 3318 quod
689 3241 759 3298 satis
775 3241 822 3318 sit,
837 3239 906 3317 quia
921 3248 950 3298 et
964 3237 1105 3298 candidos

163 3381 179 3429 2
201 3376 340 3429 veratrum
356 3375 471 3444 scripsi:
484 3376 633 3428 veretrum.
680 3373 842 3426 broborum
857 3372 947 3426 Petu:
960 3370 1104 3424 ruminum.

91 3446 265 3501 Slabentes.
321 3451 354 3500 10
371 3446 431 3501 flos.
487 3451 519 3499 ta
535 3444 683 3499 ordiaciee.
730 3449 765 3496 20
779 3441 911 3497 Octoriia.
957 3447 991 3494 22
1006 3441 1104 3495 cortix.

91 3523 126 3571 23
146 3516 300 3572 canditum.
354 3523 388 3572 26
408 3515 547 3586 colligunt
564 3531 614 3570 orn.
670 3521 704 3568 27
723 3513 835 3568 macria.
889 3519 921 3567 31
939 3511 1104 3567 admiscunt.
