2636 3790
476 79 692 144 ..45-

70 244 241 302 contritum
270 249 300 300 ct
328 259 364 300 ex
392 240 478 300 melle
506 243 669 320 inpositum
699 244 835 302 universa
858 241 958 302 ulcera
981 244 1093 322 optime

69 339 194 410 purgat.
233 329 331 390 Alium
355 331 518 390 contritum
542 348 611 390 cum
630 329 772 409 sulphure
792 337 822 391 et
840 333 939 392 resina
957 330 1092 393 ulcerum
1112 341 1147 390 44

69 428 102 480 et
129 417 298 480 fistularum
322 417 472 496 quaelihet
494 421 565 479 vitia
584 419 720 480 extrahit.
759 417 865 480 Vetera
883 419 984 482 ulcera
1004 423 1093 482 etiam
1111 413 1164 480 to'

71 510 233 568 carcinosa
256 506 351 566 foveri
378 507 488 568 dehent
515 525 591 586 aqua
619 507 725 586 calida,
754 509 785 568 in
809 525 865 586 qua
889 516 1009 569 excocta
1033 511 1093 571 sint

44 597 180 657 cholera
210 596 342 676 diversa3
379 594 486 656 deinde
519 597 584 675 ipsa
616 596 718 657 holera
750 597 821 656 trita
849 598 876 656 si
903 599 1092 676 inponantur,

69 684 160 746 valde
177 691 314 763 prosunt.
344 683 452 744 Farina
470 683 524 744 lini
543 687 666 746 seminis
685 684 730 744 vel
750 684 843 746 farina
862 687 926 744 ervi
944 684 989 745 rel
1008 684 1092 746 lenti·
1111 693 1146 745 46

70 774 161 835 culae
185 773 307 833 decocta
335 781 365 833 et
393 791 429 832 cx
457 772 543 833 melle
572 773 705 853 adposita
729 775 960 852 suppurationes
985 782 1015 834 et
1038 792 1092 853 pu-

71 861 171 926 stulas
194 861 329 922 ulcerum
354 871 450 942 sanat,
474 864 563 922 etiam
587 861 766 940 genitalibus
789 860 992 924 laborantibus
1016 861 1091 923 bene

72 952 214 1012 adicitur.
247 949 328 1010 Ciuis
347 952 452 1010 vitium
471 969 540 1011 cum
558 953 685 1029 axungia
704 958 804 1012 vetere
823 953 970 1030 inpositus
988 961 1093 1030 pustu·
1111 959 1145 1007 ta

34 1058 59 1096 co
73 1040 117 1100 las
144 1055 250 1100 omnes
268 1040 300 1099 in
318 1037 450 1117 qualibet
468 1047 553 1117 parte
572 1041 707 1118 corporis
727 1047 812 1100 curat
831 1047 861 1100 et
880 1049 970 1101 sanat.
1012 1039 1093 1100 Folia
1112 1047 1146 1096 48

73 1129 171 1190 olivae
196 1127 438 1188 commanducata
461 1136 490 1188 et
508 1130 636 1207 inposita
655 1127 807 1189 ulceribus
825 1128 1014 1190 manantibus
1033 1147 1092 1190 me·

74 1218 197 1278 dentur.
237 1214 364 1276 Oleastri
388 1215 527 1277 cauliculi
549 1219 646 1278 teneri
670 1217 786 1278 decocti
809 1225 926 1279 etcum
945 1217 1031 1278 melle
1050 1221 1093 1279 in·
1112 1225 1147 1274 ta

73 1307 168 1384 positi
197 1321 303 1364 carnes
331 1323 420 1384 supra
449 1304 550 1366 oscula
579 1308 610 1365 in
643 1305 816 1367 vulneribus
849 1306 998 1386 quaelihet
1026 1325 1092 1386 pro·

71 1394 183 1454 ‘hibent
207 1411 389 1454 excrescere.
417 1392 516 1454 Herba
535 1394 700 1455 chelidonia
719 1397 847 1456 contrita
866 1403 983 1457 etcum
1002 1413 1093 1456 arun·
1113 1402 1147 1451 oo

35 1500 60 1541 15
75 1485 125 1563 gia
154 1491 255 1544 vetere
283 1481 405 1543 subacta
434 1489 464 1542 et
491 1484 618 1561 inposita
651 1483 752 1544 ulcera
784 1491 901 1545 vetusta
934 1493 964 1545 et
995 1486 1093 1564 putria

76 1580 189 1652 purgat
212 1580 242 1632 et
264 1579 356 1632 sanat.
396 1569 495 1632 Nuces
513 1571 667 1650 iuglandes
684 1580 857 1652 perveteres
876 1575 1020 1634 contritae
1040 1572 1094 1651 vel,
1113 1579 1147 1629 ot

77 1660 160 1740 quod
189 1658 295 1720 melius
330 1668 388 1739 est,
419 1661 679 1722 commanducatae
710 1669 741 1722 ct
771 1663 917 1740 inpositae
946 1661 1094 1739 singulare

77 1743 249 1810 remedium'
275 1747 426 1808 ulceribus
453 1756 615 1826 praestant.
656 1749 783 1810 Glandes
813 1749 849 1809 de
875 1748 983 1809 robore
1007 1751 1094 1809 tritae
1114 1756 1148 1805 52

79 1855 150 1898 cum
174 1839 299 1919 axungia
324 1844 353 1896 et
375 1839 520 1916 inpositae
544 1839 682 1918 duritias,
711 1855 785 1916 quas
808 1835 964 1898 cacoethes
988 1837 1096 1898 medici

40 1934 197 2005 revocant,
212 1925 370 1986 emendant
384 1935 414 1986 et
428 1928 602 2005 reprimunt.
635 1925 688 1986 Pix
702 1925 819 1986 Bruttia
833 1943 900 1986 cum
920 1925 1006 1986 melle
1025 1927 1095 1986 trita
1115 1933 1148 1982 ta

80 2023 111 2076 ct
139 2016 269 2093 inposita
296 2013 396 2074 ulcera
424 2016 521 2074 omnia
549 2025 657 2093 purgat
681 2023 711 2076 et
734 2021 831 2094 sanat,
860 2013 963 2074 eadem
985 2016 1036 2094 pix
1060 2032 1094 2074 er

80 2122 136 2164 uva
160 2119 247 2181 passa
269 2110 393 2181 purgata
418 2111 538 2164 etcum
562 2105 688 2182 axungia
711 2112 811 2164 vetere
835 2104 963 2181 inposita
989 2103 1095 2163 ulceri·

80 2192 137 2253 hus
165 2191 311 2252 medetur.
357 2191 454 2270 Aqua,
481 2193 512 2251 in
541 2210 598 2270 qua
621 2191 779 2254 lentiscum
803 2192 971 2272 decoreris,
995 2192 1094 2253 ulcera
1115 2197 1149 2248 tl

81 2299 157 2360 quae
182 2287 307 2358 serpunt
331 2278 444 2340 utiliter
467 2279 588 2340 lorehis.
623 2279 740 2342 Hedera
763 2299 800 2342 ex
823 2283 890 2342 vino
910 2281 1032 2342 decocta
1051 2280 1093 2342 ul·
1114 2289 1147 2337 oo

46 2385 68 2426 rs
81 2369 216 2448 ceribus,
240 2367 478 2446 quibuscumque
501 2369 668 2450 inponitur,
690 2369 821 2448 prodest.
858 2369 939 2430 Ciuis
963 2389 999 2430 ex
1023 2371 1094 2431 ossi·
1114 2377 1148 2427 56

80 2459 137 2520 hus
162 2475 307 2536 agnorum
329 2465 412 2516 recte
435 2455 592 2518 adhibetur
616 2457 776 2534 ulceribus,
801 2477 876 2537 quae
895 2477 954 2518 non
973 2458 1096 2520 trahunt

81 2548 261 2608 cicatricem.
303 2544 406 2605 Pulmo
435 2547 579 2606 arietinos
606 2545 718 2607 calidus
742 2547 895 2626 adpositus
918 2565 1024 2607 carnes
1047 2565 1095 2606 ex·
1115 2554 1148 2603 oa

81 2641 253 2698 crescentes
281 2635 312 2693 in
341 2633 514 2694 vulneribus
540 2643 684 2714 exaequat
707 2645 737 2696 ct
760 2637 904 2716 reprimit.
945 2634 1009 2695 Vim
1034 2653 1095 2695 ser·
1115 2643 1148 2692 oe

82 2726 218 2804 pentium
242 2721 377 2782 ulcerum
402 2730 521 2783 coercet
545 2723 607 2783 calx
632 2725 695 2784 viva
719 2743 755 2784 ex
778 2733 861 2786 aceto
884 2732 914 2784 et
932 2723 996 2784 oleo
1016 2743 1096 2784 rosa·

47 2829 137 2874 acceo
162 2819 326 2889 temperata
349 2817 438 2889 atque
461 2810 558 2892 inlita,
586 2831 709 2874 rosaceo
737 2823 835 2874 autem
865 2820 895 2873 et
922 2831 1008 2872 corae
1031 2831 1097 2892 per·

83 2903 176 2962 mixta
200 2917 268 2960 mox
291 2899 429 2979 perducit
452 2899 488 2959 ad
512 2902 688 2961 cicatricem.
728 2901 931 2962 Carcinomata
955 2910 1100 2962 curantur
1118 2909 1151 2958 te

85 2988 209 3068 coagulo
232 2988 344 3067 leporis
368 3006 435 3048 curn
458 2991 523 3067 pari
546 2989 677 3067 pondere
701 2992 849 3072 cappariS‚
881 2989 959 3069 quod
984 2999 1098 3051 utrum·

85 3097 143 3159 que
168 3079 236 3136 vino
260 3095 415 3156 aspersum
438 3095 495 3137 urna
519 3081 627 3138 teritur
647 3086 677 3139 et
695 3080 738 3138 sic
753 3078 923 3158 adponitur.
961 3078 1098 3139 Carcino-
1118 3087 1152 3136 oo

84 3169 183 3247 matie,
207 3184 282 3245 quae
307 3174 431 3244 serpunt
454 3167 533 3226 cirea
553 3165 662 3247 ulcera,
686 3166 725 3226 lel
747 3170 883 3228 ursinum
903 3166 949 3228 vel
968 3169 1042 3228 cinis
1062 3167 1098 3226 de

49 3273 72 3312 aa
85 3257 162 3317 asini
185 3253 295 3332 ungula
319 3263 422 3315 exusta
440 3273 495 3333 per
513 3255 665 3333 pinnulam
685 3254 760 3315 hene
780 3256 947 3335 adponitur.
984 3255 1098 3332 Ulcera,
1118 3264 1150 3313 ol

87 3363 161 3425 quae
187 3343 335 3403 sordidata
359 3351 438 3424 sunt,
461 3344 522 3403 limi
545 3343 663 3404 vitulini
686 3345 786 3404 cinere
810 3355 840 3404 ct
862 3341 1001 3404 muliebri
1023 3343 1099 3404 lacte

85 3442 261 3514 purgantur.
301 3431 431 3494 Vetustis
455 3431 606 3494 ulceribus
630 3434 777 3504 vettonica
801 3451 869 3492 oum
893 3431 953 3492 salo
972 3435 1099 3492 contrita
1119 3441 1152 3490 62
