2636 3790
592 105 808 169 ,64-

194 267 322 348 hyaenae
347 266 423 326 fellis
447 265 472 328 ll
493 267 519 347 Ι,
543 266 691 345 euphorbi
714 265 783 346 li13
807 266 863 326 hoc
888 265 952 326 oleo
972 265 1096 326 diluitur
1118 268 1208 328 etita

194 356 374 416 admiscetur
394 357 510 416 ceteris.
548 356 663 435 Aquato
683 357 727 416 uti
746 353 895 433 oportebit
911 354 968 414 hoc
983 355 1207 434 medicamento,

194 455 239 505 est
257 445 336 504 enim
355 446 533 504 acerrimum
552 453 582 505 et
601 443 732 523 undique
753 461 871 504 umores
891 442 994 523 trahit;
1014 442 1207 522 quamobrem

194 551 253 593 non
282 539 352 593 sunt
379 533 555 612 inungendi,
583 535 635 611 qui
662 534 768 610 capitis
792 531 924 592 dolorem
947 539 998 592 aut
1025 532 1209 610 gravidinem

193 621 312 701 babent,
331 629 361 682 et
379 630 447 682 ante
467 620 590 682 biduum
605 630 656 681 aut
670 621 802 682 triduum
817 639 923 699 aquam
936 619 1048 701 bibant,
1067 639 1141 698 quos
1159 621 1237 682 des

194 712 350 770 stinaveris
367 729 401 770 eo
421 713 600 790 inunguere3
620 727 797 788 quamquam
812 707 919 770 melius
933 709 1051 788 facient,
1075 711 1101 770 si
1119 711 1208 770 etiam

193 807 419 877 perseveranter
447 817 552 877 aquam
579 800 760 878 potaverint3
788 799 858 858 vitio
892 799 970 858 enim
998 797 1207 858 molestissimo

194 887 309 948 facilius
324 890 402 948 inter
416 889 500 948 initia
514 886 668 948 carebunt.
692 886 757 946 Non
772 895 871 946 autem
886 888 1028 964 praeterit
1041 904 1088 946 me
1098 885 1207 946 habere

194 984 223 1036 te
239 976 401 1055 prudentes
416 977 571 1052 ocularius,
591 974 701 1055 quibus
718 977 744 1035 si
758 977 876 1036 nomina
891 974 1003 1036 dixeris
1017 973 1206 1054 collyriorum

194 1068 225 1124 in
239 1064 295 1124 hoc
310 1064 386 1125 libro
401 1066 591 1146 scriptorum,
608 1063 790 1124 contendent
803 1063 903 1124 forsan
918 1081 949 1123 se
964 1081 1083 1142 quoque
1097 1061 1207 1124 habere
1223 1080 1252 1119 ro

195 1152 297 1211 eadem
325 1155 492 1232 conposita:
520 1153 572 1212 sed
601 1154 626 1212 si
653 1152 785 1230 pondera
814 1159 866 1213 aut
894 1152 1016 1212 effectus
1045 1169 1207 1230 conparare

194 1240 284 1320 voleS,
306 1239 393 1319 longe
416 1240 549 1301 diversos
572 1242 714 1301 invenies.
752 1240 814 1318 Ego
838 1242 917 1302 enim
940 1242 1004 1318 ipse
1028 1239 1131 1300 eodem
1155 1259 1205 1300 no·

194 1329 274 1388 mine
305 1328 398 1390 multa
431 1331 597 1408 conposita,
629 1347 690 1388 non
717 1329 812 1390 isdem
840 1327 1022 1406 ponderibus
1050 1336 1080 1388 et
1108 1327 1207 1410 rebus,

194 1417 344 1477 interdum
372 1417 479 1498 habeo,
508 1417 560 1478 sed
588 1419 714 1477 maxime
740 1416 872 1496 probatis
896 1423 972 1478 utor.
1019 1415 1080 1477 Nec
1103 1419 1207 1496 utique

194 1504 317 1565 adfirmo
342 1525 401 1566 non
424 1524 511 1584 posse
536 1515 565 1566 et
589 1505 661 1566 alius
686 1505 787 1566 eadem
808 1504 927 1585 habere,
951 1523 1018 1566 nam
1038 1507 1150 1583 etipse
1171 1505 1252 1567 abrs

194 1593 259 1653 aliis
279 1597 389 1676 accepi,
410 1595 462 1655 sed
481 1613 549 1654 raro
569 1595 630 1654 scio
650 1592 851 1654 oculariorum
870 1593 1014 1673 quosdam
1033 1594 1209 1673 simpliciter

195 1682 313 1742 tradere
337 1685 557 1762 conpositiones
580 1701 688 1762 meque
710 1682 838 1743 multum
862 1681 1043 1762 elaborasse,
1068 1690 1101 1743 ut
1125 1701 1208 1744 veras

196 1779 226 1830 et
249 1772 438 1850 incorruptas
459 1774 634 1853 acciperem,
653 1773 791 1832 conscius
811 1789 877 1832 sum
896 1771 977 1832 mihi.
1014 1769 1117 1850 Neque
1136 1771 1208 1832 illud

195 1876 300 1919 rursus
329 1859 408 1942 dico,
437 1879 526 1921 novas
554 1878 657 1920 omnes
686 1868 715 1920 et
743 1878 803 1920 non
827 1858 975 1938 aliquibus
998 1869 1082 1920 notas
1106 1879 1153 1921 me
1176 1862 1208 1920 in
1279 1855 1280 1860 ’

194 1945 251 2008 hoc
278 1947 355 2008 libro
384 1959 596 2028 congestorum
619 1950 853 2028 conpositiones,
882 1966 985 2010 verum
1009 1951 1097 2008 etiam
1121 1967 1206 2026 quas·
1225 1965 1253 2005 ro

195 2036 261 2096 dam
285 2037 416 2115 vulgatas
440 2046 478 2119 et,
502 2048 535 2098 ut
558 2039 598 2098 ita
617 2037 721 2116 dicam,
745 2036 918 2116 publicatas.
955 2034 1109 2096 Eiusmodi
1127 2039 1208 2097 enim

195 2127 263 2203 quia
295 2125 431 2187 efficaces
459 2135 540 2206 sunt,
573 2127 663 2186 etiam
690 2125 827 2204 plurimis
854 2127 885 2184 in
912 2125 1047 2184 notitiam
1075 2126 1207 2186 veniunt.

143 2227 175 2276 18
195 2211 354 2292 Collyrium
373 2215 610 2275 efficacissimum
629 2214 665 2274 ad
685 2223 832 2275 tumorem
851 2212 1005 2274 oculorum
1024 2221 1055 2272 et
1073 2211 1206 2273 lacrima·

194 2318 262 2360 rum
285 2304 409 2362 nimium
433 2303 570 2383 fluorem,
594 2305 682 2364 etiam
706 2321 795 2381 supra
819 2309 997 2380 perunctum
1021 2300 1068 2361 vel
1091 2300 1207 2362 inlitum

195 2388 299 2448 efficax
323 2399 381 2471 est,
405 2393 525 2470 accipit:
551 2392 674 2452 Acaciae
697 2389 723 2450 ll
742 2389 820 2469 XVI,
843 2389 973 2452 cadmiae
993 2389 1018 2450 ll
1037 2389 1103 2470 llll,
1128 2389 1207 2450 aloes
1224 2407 1252 2447 eo

196 2475 278 2558 llll,
302 2482 392 2560 croci,
415 2498 540 2561 myrrae,
563 2483 625 2560 opii
647 2480 725 2559 lecti,
750 2477 935 2557 singulorum
956 2478 1093 2538 denarios
1113 2477 1208 2559 binos,

197 2569 324 2626 castorei
346 2567 371 2629 ll
395 2569 420 2649 Ι,
448 2571 574 2629 cummis
598 2568 624 2630 x
647 2568 724 2650 Vlll;
755 2575 894 2628 teruntur
921 2566 994 2628 baec
1023 2569 1119 2627 omnia
1144 2566 1209 2627 dili·

195 2662 300 2732 genter
323 2666 353 2717 et
375 2675 411 2718 ex
432 2676 508 2737 aqua
525 2659 746 2736 permiscentur
769 2663 858 2734 atque
881 2655 950 2716 inde
970 2657 1069 2716 statim
1088 2654 1209 2735 collyria

144 2756 175 2806 19
195 2743 361 2806 formantur
383 2765 419 2806 ex
441 2765 525 2826 aqua,
549 2765 623 2826 quae
643 2755 713 2806 sunt
731 2746 851 2806 omuino
870 2745 1003 2805 mirifica.
1039 2742 1208 2824 Xerocolly-

195 2833 273 2892 rium
301 2837 446 2910 optimum
474 2835 509 2895 ad
538 2834 696 2914 epiphoras
724 2851 807 2894 acres
836 2840 866 2894 et
893 2834 977 2894 initia
1009 2832 1209 2912 lippitudinis:
1224 2849 1251 2890 ao

196 2919 282 2981 Croci
302 2915 341 3010 9-
361 2923 399 3004 tl,
424 2923 601 2984 sarcocollae
622 2917 661 3010 70·
681 2922 716 3003 ll,
737 2921 816 2982 aloes
836 2921 993 3000 epatitidos
1013 2913 1052 3007 2·
1072 2921 1093 3002 l,
1113 2922 1210 3000 glauci

196 3001 271 3094 721.
308 3011 388 3072 llaec
407 3014 504 3073 omnia
524 3012 682 3091 diligenter
701 3013 771 3072 trita
791 3010 880 3071 simul
898 3009 1042 3072 recondes
1057 3011 1088 3070 in
1103 3011 1210 3090 pyxide

195 3116 305 3178 cuprea
325 3110 354 3161 et
372 3119 427 3180 pro
446 3100 640 3181 xerocollyrio
660 3102 762 3161 uteris.
800 3099 848 3162 td
872 3099 1068 3178 epiphoras
1087 3107 1121 3159 et
1140 3099 1210 3178 lip-

195 3188 382 3265 pitudines
416 3189 603 3250 oculorum
635 3188 795 3250 remedia
827 3188 869 3249 dc
897 3189 1146 3268 experimento
1176 3196 1211 3248 et

266 3397 350 3449 tout
368 3395 491 3450 triduum
510 3411 560 3450 orn.
606 3400 640 3450 14
658 3393 734 3467 utor]
753 3409 828 3450 uaor.
876 3393 1051 3464 capturini.
1093 3394 1210 3450 notiam.

196 3467 230 3516 29
249 3464 475 3533 Xyrocollirium.
