2528 3814
534 129 772 193 -276—

90 304 123 353 14
142 307 235 369 aquae
263 288 374 350 calidae
402 293 522 369 potione
546 297 675 369 potetur.
721 289 838 350 Herbae
861 289 1051 352 Britannicae
1077 292 1163 353 radix
1257 363 1258 366 Ἴ

141 377 189 438 vel
211 377 280 438 solia
303 381 420 440 incocta
443 379 489 440 vel
512 398 597 460 aqua,
621 382 734 459 inqua
758 381 894 440 tamarici
915 377 985 440 folia
1006 387 1037 440 et
1056 398 1164 442 semen

142 468 294 528 incoctum
317 467 420 548 luerit,
448 470 612 528 torminoso
639 467 767 547 potanda
791 466 880 528 detur
902 469 991 528 etiam
1015 487 1087 528 cum
1110 470 1162 530 ad·

92 569 124 618 15
143 557 285 616 mixtione
314 557 377 616 riui
404 559 524 618 austeri.
570 556 711 635 Plantago
740 563 825 618 cocta
846 565 914 617 ante
943 556 1034 617 alium
1057 557 1164 619 cibum

143 643 210 706 data
233 663 270 704 ex
293 652 376 706 aceto
399 645 529 724 plurimo
553 654 583 706 et
606 647 711 724 exiguo
736 644 796 706 sale
819 652 909 724 atque
930 643 994 705 oleo
1013 649 1187 707 termino-5

143 735 184 794 sis
208 733 370 814 plurimum
392 734 524 813 prodest.

91 837 124 885 lc
184 861 188 866 -
231 821 412 901 Plantaginis
440 823 539 884 aridae
568 840 669 883 semen
696 823 802 882 tritum
826 821 1020 900 expertibus
1044 823 1165 884 duabus

143 918 174 971 et
196 914 351 990 papaveris
375 914 471 990 capita
494 911 576 972 arida
599 913 669 972 trita
693 929 729 970 ex
752 918 836 988 parte
860 913 949 972 tertia
968 918 1088 990 oportet
1106 930 1165 990 per

143 999 278 1060 cribrum
301 1002 431 1061 tenuiter
452 1000 581 1060 foratum
600 1001 688 1060 traici
706 1017 742 1058 ex
761 1017 856 1077 eoque
874 997 997 1077 pulvere
1016 999 1082 1060 dari
1100 1009 1163 1060 tor-

142 1091 258 1148 minoso
278 1087 386 1165 ligulae
402 1107 526 1167 magnae
540 1105 719 1166 mensuram,
738 1087 889 1148 interdum
903 1086 971 1166 plus
986 1090 1162 1168 autminus,
1178 1105 1204 1144 1o

144 1194 213 1236 cum
235 1177 296 1235 vini
319 1178 428 1236 veteris
451 1179 537 1236 mixti
560 1194 620 1236 nou
643 1177 777 1256 nimium,
800 1175 831 1234 id
856 1183 901 1236 est
921 1175 1034 1255 cyathis
1052 1176 1162 1237 tribus.

143 1262 207 1322 Hoc
235 1263 485 1324 medicamentum
519 1272 587 1324 ante
621 1282 759 1324 somnum
786 1262 900 1324 utiliter
928 1266 1017 1324 etiam
1047 1265 1084 1326 ad
1113 1283 1162 1326 ve·

146 1369 264 1430 speram
288 1350 384 1411 datur.

95 1455 126 1504 11
235 1438 361 1500 Prodest
383 1441 555 1500 terminosis
573 1439 744 1500 huiusmodi
763 1440 902 1501 sorbitio:
925 1441 1024 1502 Alicae
1042 1441 1164 1502 hemina

147 1530 343 1608 percoquitur
366 1546 435 1589 cum
458 1547 544 1589 cerae
568 1536 599 1589 et
621 1537 706 1590 rutae
730 1527 797 1610 XI,
820 1529 1001 1590 admiscetur
1025 1548 1095 1590 sane
1114 1530 1164 1591 his
1178 1545 1202 1585 rs

148 1625 178 1678 et
204 1617 314 1678 malum
342 1627 497 1695 granatum
525 1626 613 1696 atque
641 1619 682 1678 ita
711 1617 800 1678 simul
823 1626 995 1696 coquuntur
1018 1621 1050 1678 in
1073 1637 1165 1700 aqua3

147 1713 216 1786 post
238 1706 296 1766 hoc
320 1708 529 1786 exprimuntur
547 1708 646 1766 omnia
664 1713 694 1766 et
713 1707 899 1784 coagitautur
918 1707 971 1768 diu
989 1725 1023 1768 ac
1042 1709 1069 1767 si
1087 1725 1165 1786 opus

148 1796 248 1876 luerit,
272 1794 399 1856 adicitur
422 1795 495 1856 alica
514 1804 607 1876 cocta,
630 1801 665 1855 ut
682 1797 714 1854 in
732 1795 855 1855 modum
873 1795 965 1874 pultis
984 1797 1032 1856 sit.
1063 1795 1165 1857 lactis

149 1901 269 1962 quoque
296 1882 402 1944 bubuli
428 1891 480 1944 aut
508 1883 668 1944 cuiuslibet
690 1882 716 1942 ll
739 1882 753 1942 l
776 1883 958 1944 admiscetur
980 1891 1011 1944 et
1034 1886 1077 1944 sic
1101 1903 1165 1945 sor-

148 1971 245 2034 betur.
293 1971 325 2032 Si
353 1980 452 2033 autem
484 1971 663 2034 manducare
695 1973 780 2050 panis
812 1990 895 2032 more
923 1971 997 2032 illud
1025 1971 1166 2053 volueris,
1180 1988 1203 2027 so

150 2061 241 2122 addes
267 2060 328 2121 illic
356 2079 410 2122 ova
438 2063 555 2122 incocta
581 2062 640 2121 tria
667 2067 697 2120 et
724 2059 860 2138 polentae
886 2060 996 2121 nitidae
1021 2060 1165 2122 delicatae

151 2159 295 2229 quantum
319 2151 390 2210 satis
414 2151 480 2229 erit,
504 2157 538 2209 ut
560 2150 645 2228 panis
668 2149 734 2208 fieri
757 2166 793 2208 ex
817 2166 852 2208 eo
875 2150 979 2228 possit,
1002 2151 1054 2228 qui
1075 2151 1166 2210 etiam

150 2237 276 2317 frigidus
300 2243 450 2298 comestus
473 2237 634 2315 plurimum
658 2236 788 2316 prodest.

98 2339 130 2388 18
239 2325 486 2387 Medicamentum
514 2325 551 2385 ad
578 2327 758 2386 torminosos
788 2325 961 2386 huiusmodi
990 2327 1062 2386 satis
1090 2325 1165 2387 utile

150 2420 208 2474 est:
232 2413 320 2473 Croci
342 2413 399 2474 lll
423 2421 453 2473 et
476 2413 552 2474 duae
575 2421 675 2492 partes
698 2415 859 2494 victoriati,
883 2413 968 2474 nardi
990 2413 1016 2473 X
1036 2413 1076 2494 11,
1099 2433 1165 2476 aca-
1180 2429 1206 2469 m

150 2503 212 2563 ciae
235 2499 335 2582 lllll,
364 2501 456 2581 gallae
479 2501 577 2582 lllll,
606 2500 685 2562 aloes
708 2503 856 2564 victoriati
879 2520 949 2580 pars
972 2504 1073 2581 tertia,
1096 2502 1167 2582 lycii

149 2590 175 2649 ll
194 2589 221 2671 1,
245 2591 306 2668 opii
328 2589 354 2649 ll
374 2590 408 2671 S,
433 2589 618 2670 tragacanthi
641 2589 707 2650 Η
735 2599 765 2651 et
788 2591 878 2651 tertia
901 2592 980 2669 eius,
1006 2593 1083 2651 turis
1107 2590 1133 2650 ll
1152 2591 1167 2650 l

151 2686 181 2738 et
199 2680 348 2738 victoriati
365 2686 466 2758 partes
485 2678 570 2759 duae,
589 2696 705 2757 myrrae
724 2678 750 2738 ll
768 2678 803 2760 ΙΙ,
822 2681 935 2758 piperis
949 2678 975 2738 X
991 2677 1020 2739 S.
1051 2678 1165 2740 Terun-

150 2774 201 2828 tur
231 2773 261 2826 et
284 2765 455 2827 cribrantur
477 2766 551 2827 haec
575 2766 732 2846 diligenter
755 2775 843 2846 atque
867 2785 903 2826 ex
926 2769 994 2827 vino
1017 2767 1093 2828 fiunt
1115 2787 1166 2847 pa·

151 2854 223 2916 stilli
241 2853 336 2932 lupini
355 2854 576 2936 magnitudinis,
596 2854 703 2915 dautur
718 2874 786 2916 cum
800 2854 897 2917 tribus
912 2855 1026 2934 cyathis
1040 2855 1166 2935 liquoris
1181 2875 1207 2914 00

152 2941 313 3004 cuiuslibet
335 2949 396 3003 tam
419 2943 484 3024 diu,
513 2961 668 3022 quousque
692 2945 860 3024 conveniat,
889 2950 923 3004 ut
948 2946 1077 3004 tormina
1100 2947 1167 3006 uni·

152 3049 237 3092 versa
261 3031 411 3092 sedentur.

102 3135 134 3184 19
242 3119 356 3181 inmitti
383 3121 555 3180 torminosis
582 3137 636 3198 per
664 3119 821 3199 clysterem
854 3128 972 3198 oportet
998 3123 1099 3180 vinum
1129 3139 1167 3180 ex

152 3211 227 3289 piris
252 3209 380 3290 Syriacis
404 3209 514 3270 lactum
538 3227 607 3269 cum
630 3226 702 3268 suco
726 3206 916 3289 plantaginis3
939 3209 1064 3269 mirifice
1085 3211 1167 3269 enim

153 3298 304 3360 fecithoc
327 3297 492 3360 remedium
515 3305 546 3358 et
568 3296 669 3358 multis
693 3298 930 3375 experimentum
954 3297 1042 3358 dedit.
1179 3313 1206 3356 ss

245 3487 388 3558 iaridee]
409 3485 529 3541 eradice.
585 3489 619 3538 26
637 3484 703 3538 licii.
759 3487 793 3536 2⁷
811 3482 932 3538 tertiam.
988 3489 1022 3537 33
1036 3483 1163 3552 clystere.
