2564 3794
569 122 809 190 -158-

182 289 345 369 decoquas,
372 294 407 348 ut
434 288 607 367 spissescat3
639 295 707 348 ante
737 295 836 348 tamen
864 305 952 365 quam
985 285 1043 346 mei
1075 285 1187 366 adicias,

182 394 271 455 supra
300 377 410 455 scripta
438 375 535 436 colare
563 375 668 456 debes,
701 374 770 436 iude
798 383 883 436 terna
911 375 1047 436 cocliaria
1074 377 1188 436 ieiunus

130 483 163 532 16
183 472 214 525 et
237 473 305 543 post
328 482 430 525 cenam
454 465 591 542 accipies,
636 464 681 524 Ad
704 474 817 524 tussam
841 464 1005 525 remedium
1029 464 1115 525 utile:
1137 463 1187 522 lie-

183 556 277 613 sinam
296 552 526 614 terebinthinam
545 560 576 613 et
594 552 653 613 mel
671 552 880 631 despumatum
898 555 964 631 pari
981 552 1112 631 pondere
1127 570 1188 630 per-

182 644 308 702 mixtum
331 660 399 703 cum
423 659 478 701 ovo
501 639 607 701 ieviter
629 641 753 702 decocto
776 640 898 701 debebis
922 643 1040 702 ieiunus
1064 641 1212 702 hauriret

129 747 161 798 17
181 730 317 792 Puleium
340 732 454 790 siccum
476 729 512 788 ad
537 747 706 790 mensuram
731 728 828 809 cyathi
856 738 886 790 et
908 731 1054 790 nasturcii
1077 737 1189 790 tantun-

181 820 248 880 dem
266 821 298 879 in
317 818 469 898 pulverem
489 819 697 879 tenuissimum
717 818 818 896 redige
837 826 867 879 et
881 817 977 878 mellis
991 819 1098 898 optimi
1111 817 1189 878 adice

180 907 259 988 quod
289 907 418 967 sufficiat
445 925 478 967 ac
507 906 640 985 decoque
668 915 699 968 et
727 924 812 966 mane
840 923 874 967 ac
901 924 1026 986 vespere
1057 905 1190 967 cocliaria

179 996 249 1058 inde
272 995 388 1074 singula
411 997 521 1074 accipe,
544 997 620 1055 miro
644 996 787 1056 adversus
809 1002 922 1055 tussem
949 997 1084 1073 quamvis
1106 995 1190 1055 mole·

180 1093 256 1145 stam
279 1083 410 1143 remedio
434 1085 537 1144 uteris.
1203 1099 1223 1138 ro

128 1187 161 1235 18
270 1171 314 1230 hd
333 1179 447 1230 tussem
466 1179 643 1231 nocturnam
662 1178 692 1231 et
711 1171 856 1232 stomachi
874 1172 1130 1232 confirmationem
1149 1189 1190 1231 re·

179 1258 312 1319 medium
330 1257 572 1336 probatissimum
592 1260 648 1319 sic:
672 1258 790 1320 Caricas
808 1267 871 1319 tres
889 1261 1101 1338 pinguissimas
1120 1260 1190 1321 ttri-

180 1364 269 1407 cauas
292 1347 388 1425 prima
411 1354 498 1406 nocte
522 1348 650 1426 accipies
673 1354 785 1408 assatas
809 1365 900 1426 super
923 1347 1079 1430 carbones,
1102 1351 1142 1410 ita
1160 1356 1190 1408 ut

180 1434 305 1513 singuiis
324 1436 431 1495 caricis
449 1437 563 1495 inseras
582 1437 694 1514 piperis
713 1453 804 1515 grana
822 1453 936 1496 novena
955 1435 1030 1497 lecta
1056 1445 1087 1499 et
1105 1436 1190 1518 pulei,

181 1523 260 1603 quod
288 1541 349 1584 non
377 1523 467 1584 inerit
494 1525 525 1582 in
553 1522 647 1606 inmo,
675 1523 903 1605 aliquantulum3
931 1525 983 1585 sed
1012 1528 1127 1587 caricas
1150 1527 1221 1585 sion

179 1630 280 1674 assare
303 1611 403 1692 debes,
427 1631 464 1672 ne
483 1612 698 1674 comburantur
716 1615 845 1693 penitus,
869 1613 921 1673 sed
944 1621 978 1674 ut
997 1615 1190 1694 resolvantur,

179 1711 210 1762 et
233 1721 267 1762 ea
290 1701 377 1782 hora,
401 1719 459 1780 qna
482 1708 512 1761 te
535 1702 668 1762 inlecto
691 1704 842 1782 posueris,
870 1709 934 1762 tum
964 1720 1014 1762 eas
1038 1706 1141 1784 accipe
1164 1711 1191 1762 et

179 1790 321 1868 observa,
358 1808 396 1850 ne
429 1791 589 1869 quicquam
626 1799 728 1868 postea
765 1790 896 1869 loquaris
929 1798 980 1850 aut
1013 1808 1190 1871 quemqnam

179 1879 321 1959 appelles,
357 1886 516 1958 antequam
544 1877 725 1960 addormias3
761 1879 818 1939 hoc
851 1877 1011 1939 observans
1043 1899 1100 1959 per
1131 1889 1190 1940 tres

178 1975 282 2029 noctes
306 1968 405 2028 iacies.
519 2005 523 2017 .
1201 1983 1222 2023 so

127 2069 159 2118 19
267 2055 311 2116 hd
335 2063 449 2116 tussem
468 2063 715 2134 praesentaneum
734 2055 898 2115 remedium
918 2057 974 2116 sic:
997 2054 1125 2117 Radices
1143 2074 1189 2116 ru·

178 2146 264 2206 micis
288 2146 420 2204 minutae
444 2145 518 2223 eius,
541 2161 617 2223 quae
638 2161 693 2222 per
715 2161 851 2222 campum
875 2160 906 2202 se
930 2145 1038 2204 sternit
1061 2153 1092 2206 et
1110 2161 1190 2204 mora

179 2234 238 2293 sert
260 2232 390 2309 parvula,
413 2231 534 2309 colliges
558 2233 621 2290 sine
645 2231 725 2290 ierro
749 2239 779 2291 et
803 2249 905 2292 earum
928 2231 958 2292 P.
978 2230 1018 2291 ΙΙΙ
1043 2233 1075 2292 in
1099 2250 1189 2312 aquae

178 2318 209 2379 e
229 2319 283 2379 XX
305 2320 385 2380 lento
408 2322 477 2398 igne
503 2337 599 2398 usque
623 2319 660 2379 ad
679 2321 782 2380 tertias
801 2320 964 2401 decoqnes3
988 2320 1096 2382 deinde
1115 2321 1189 2380 radi·

178 2407 263 2468 cibus
283 2409 426 2486 separatis
440 2406 620 2485 ponderabis
638 2425 745 2486 aquam
764 2418 795 2468 et
809 2418 952 2487 quantum
966 2418 1102 2488 separata
1116 2426 1189 2488 aqua
1202 2423 1225 2463 ss

178 2497 356 2574 pensaverit,
379 2502 495 2556 tantum
517 2495 613 2556 mellis
636 2495 708 2556 honi
731 2496 899 2574 despumati
919 2497 1083 2558 admiscere
1103 2497 1188 2558 debe·

177 2584 223 2644 bis
243 2591 273 2643 et
291 2601 396 2644 rursus
420 2591 581 2662 utrumqne
605 2587 730 2645 mistum
753 2584 884 2644 tamdiu
908 2585 1071 2667 decoques,
1096 2586 1188 2647 donec

177 2672 273 2732 meilis
293 2672 516 2750 spissitudinem
536 2671 656 2752 habeat,
675 2672 782 2733 deinde
797 2673 974 2734 admiscebis
988 2676 1101 2752 piperis
1116 2675 1188 2753 opti·

179 2763 216 2820 mi
241 2763 305 2821 triti
328 2768 472 2838 quantum
495 2763 633 2821 aestimes
656 2779 744 2840 posse
773 2763 924 2844 sufficere,
951 2770 985 2822 ut
1013 2765 1077 2823 siue
1099 2761 1188 2822 mole-

177 2851 232 2910 stia
252 2850 424 2928 accipiatur,
444 2857 532 2928 atque
552 2868 587 2910 ex
607 2868 642 2909 eo
662 2849 855 2912 medicamine
874 2869 961 2911 mane
978 2858 1008 2910 et
1021 2869 1089 2911 sero
1104 2859 1187 2911 terna
1200 2863 1225 2904 so

177 2936 314 2998 cocliaria
337 2955 446 2998 sumes.

123 3037 159 3087 20
266 3025 410 3086 Marrubii
433 3026 607 3087 fasciculum
632 3025 741 3086 bonnm
765 3029 795 3086 in
819 3046 912 3108 aquae
939 3029 1044 3106 congio
1068 3026 1103 3087 ad
1126 3043 1185 3086 me·

176 3114 240 3175 dias
268 3115 402 3194 decoque
435 3123 464 3175 et
494 3133 529 3175 ex
561 3133 595 3174 ea
625 3134 701 3194 aqua
731 3115 845 3176 adiecto
878 3115 974 3176 mellis
1006 3112 1185 3195 aliquantulo

175 3205 295 3265 ieiunus
323 3204 445 3264 cottidie
473 3203 605 3283 singulos
632 3204 768 3284 cyathos,
798 3205 892 3266 donec
922 3207 1032 3266 tussire
1060 3205 1186 3275 desinas,

247 3340 414 3408 1dscoque.
490 3338 575 3394 malie
593 3339 690 3394 dicias.
767 3338 1004 3394 tterebintinam
1085 3343 1118 3392 19
1138 3335 1185 3390 ad·

175 3410 309 3480 dormias]
328 3410 489 3466 obdormias
509 3410 669 3466 Coruorius.
733 3417 766 3464 21
786 3409 889 3465 radicis
957 3416 992 3464 26
1012 3410 1093 3465 bonis
1111 3409 1183 3477 (sicia

175 3481 275 3550 optimi
293 3482 452 3538 domarius.
527 3489 560 3537 32
579 3481 751 3538 fascicolum.
