2540 3802
543 139 782 205 -212-

154 303 199 364 vel
226 302 370 362 maleficia
398 305 429 362 in
457 301 524 363 cibo
552 310 603 363 aut
628 303 660 363 in
682 301 854 383 potionibus
878 302 953 364 data.
995 301 1170 383 Conpositio

154 409 226 470 ergo
245 393 309 450 eius
329 398 375 451 est
394 391 473 452 talis:
497 389 632 452 Feniculi
656 394 787 472 seminis,
806 393 924 470 cymini,
943 393 1074 469 guminis
1093 391 1171 453 The·

154 479 243 557 haici,
267 479 374 559 thymi,
398 479 491 560 pulei,
515 481 642 559 origani,
666 481 779 559 piperis
802 479 875 559 albi,
898 479 1009 539 herbae
1033 479 1172 561 Sabinae,

155 567 331 648 petrosilini,
350 569 433 629 cedri
452 569 583 648 seminis,
601 568 834 649 chamaedropis,
854 569 949 628 casiae
969 567 1074 648 bonae,
1093 566 1173 630 lovis

154 657 272 738 barbae,
292 675 379 735 rapae
401 659 532 737 seminis,
551 656 772 738 nardostachys,
791 658 874 717 iunci
892 657 1024 736 seminis,
1043 657 1199 738 eulorhi,s

154 745 256 808 echios
289 745 411 827 radicis,
443 745 499 805 hoc
532 753 578 805 est
609 744 767 825 capsellae,
795 746 910 825 cyperi,
939 745 1088 826 pyrethri,
1119 749 1173 807 tri-

155 835 218 896 lolii
236 836 368 914 seminis,
392 834 471 913 quod
490 833 630 894 mulieres
649 842 776 894 utuntur
794 835 826 893 in
845 835 951 912 capite,
970 836 1089 913 amomi,
1111 853 1173 895 ser·

155 923 230 1002 pulli
257 925 343 1004 sicci,
371 925 539 1004 gentianae,
568 921 753 983 aristolociae
782 921 899 1002 longae,
929 929 1014 982 rutae
1043 926 1174 1001 agrestis

155 1013 292 1090 seminis,
315 1015 447 1072 omnium
471 1029 561 1090 supra
585 1013 763 1090 scriptarum
788 1013 956 1088 specierum
979 1012 1084 1070 uncias
1113 1013 1174 1072 sin-

155 1100 253 1180 gulas3
280 1101 352 1159 item
375 1109 460 1160 rutae
483 1099 659 1177 radiculam,
688 1118 763 1179 quae
787 1099 856 1159 lacit
880 1098 916 1158 ad
940 1117 1102 1178 porcorum
1127 1103 1174 1160 in·
1190 1117 1216 1156 m

155 1187 318 1263 commoda,
341 1189 409 1265 agni
431 1187 571 1268 radicem,
595 1187 777 1247 hociamsani
802 1189 864 1247 sive
888 1189 1069 1265 argimoniae
1093 1189 1175 1249 radi·

156 1293 229 1355 aem,
253 1274 430 1335 draconteae
454 1274 593 1356 radicem,
617 1293 693 1354 quae
716 1274 800 1335 radix
823 1283 870 1336 est
893 1278 978 1354 quasi
1001 1283 1120 1338 costum
1143 1286 1176 1338 et

156 1362 232 1422 hene
247 1361 314 1443 alet,
329 1365 411 1423 acori
424 1363 563 1423 radicem.
594 1361 705 1424 harum
721 1366 889 1442 specierum
904 1364 1037 1442 singulas
1051 1383 1176 1426 semun-

156 1452 217 1512 cias
244 1450 394 1530 adpendes
422 1459 452 1512 et
479 1453 577 1512 omnia
601 1450 647 1511 rel
674 1452 752 1512 inira
775 1452 821 1512 vel
848 1471 938 1531 supra
971 1455 1082 1532 scripta
1106 1454 1175 1514 dili-

155 1551 260 1620 genter
283 1548 371 1601 tunsa
394 1548 424 1601 et
447 1539 575 1601 cribrata
598 1543 629 1600 in
647 1540 802 1619 pulverem
822 1543 1031 1601 tenuissimum
1049 1542 1174 1621 rediges
1188 1555 1211 1596 15

155 1647 190 1689 ac
209 1636 312 1708 postea
331 1647 399 1690 eum
417 1627 504 1690 melle
523 1629 630 1710 Attica,
649 1637 793 1708 quantum
813 1628 849 1688 ad
864 1630 1089 1708 spissitudinem
1110 1632 1175 1692 sul·

156 1717 244 1798 liciat,
267 1717 461 1797 permiscebis
485 1728 574 1797 atque
598 1736 633 1777 er
656 1737 691 1778 eo
716 1736 784 1778 cum
808 1735 883 1795 opus
902 1717 1002 1800 luerit,
1026 1726 1176 1797 quantum

157 1806 303 1867 avellanae
327 1815 373 1867 est
396 1806 576 1886 magnitudo,
599 1808 698 1866 ieiuno
723 1807 793 1866 dare
817 1805 948 1866 debebis.

104 1913 155 1962 116
246 1894 397 1956 Confectio
421 1898 497 1956 aceti
520 1894 568 1955 dia
590 1895 686 1956 scilliu
705 1894 741 1955 ad
760 1893 956 1972 digestionem
976 1902 1006 1954 et
1025 1896 1176 1957 stomachi

157 1985 226 2044 vitia
249 1985 305 2044 sic:
330 1983 449 2044 Scillam
473 2002 573 2044 sumes
597 1983 718 2044 atinde
742 1982 828 2042 tollas
852 1983 1012 2042 durissima
1031 2000 1214 2063 quaequam

157 2079 187 2134 et
210 2074 352 2153 proicies,
380 2071 487 2132 deinde
516 2073 614 2131 amnia
641 2072 802 2131 tenerrima
828 2069 967 2131 concides
991 2073 1113 2150 minute,
1141 2084 1177 2134 ut

156 2159 284 2222 habeant
302 2160 409 2221 libram
428 2162 526 2240 semis,
546 2177 670 2237 eamque
690 2159 812 2219 crudam
831 2160 940 2219 coicies
960 2161 990 2218 iu
1010 2162 1086 2220 aceti
1102 2179 1176 2222 con-

157 2251 238 2326 gium
262 2267 355 2310 unum
377 2249 516 2308 acerrimi
540 2255 569 2308 et
592 2266 661 2308 cum
684 2248 735 2307 diu
758 2255 904 2308 macerata
928 2247 1019 2307 luerit
1047 2255 1077 2308 et
1102 2267 1175 2309 aan-

158 2335 280 2416 biherit,
308 2337 394 2396 tolles
422 2335 535 2396 scillam
559 2343 589 2395 et
612 2338 761 2414 exprimes
785 2336 874 2414 idque
898 2344 1015 2396 acetum
1038 2337 1174 2414 percola-

158 2422 205 2482 his
229 2432 259 2483 et
280 2426 311 2484 in
335 2443 385 2484 vas
408 2425 484 2485 hene
507 2427 637 2503 picatum
661 2441 787 2503 repones
811 2425 935 2502 eiusque
957 2425 1034 2484 aceti
1052 2427 1174 2486 ieiunus
1192 2444 1221 2486 25

159 2529 245 2572 mane
264 2514 290 2572 si
309 2513 429 2573 sorbeas
444 2513 559 2590 singula
575 2513 620 2573 vel
635 2513 702 2572 bina
718 2511 864 2592 cocliaria,
883 2512 1068 2573 stomachum
1087 2532 1174 2574 cura-

159 2600 206 2660 bis
234 2607 265 2660 et
288 2601 367 2679 quod
390 2601 426 2661 ad
451 2603 512 2661 oris
536 2601 607 2660 olidi
631 2601 827 2660 valetudinem
851 2601 977 2680 adtinet,
1001 2601 1057 2660 hoe
1080 2603 1173 2664 medi·

160 2695 294 2748 cemento
323 2688 396 2748 odor
424 2687 518 2750 malus
545 2689 752 2750 emendabitur
781 2696 810 2748 et
838 2691 864 2748 si
892 2690 923 2748 in
952 2708 1022 2749 naso
1046 2689 1174 2769 polypus

161 2777 260 2856 luerit,
279 2776 334 2837 hoc
354 2785 437 2837 aceto
456 2777 632 2857 gargalizato
652 2779 786 2838 cicietur.
820 2776 904 2846 Quod
919 2778 1039 2855 quidem
1054 2786 1175 2840 acetum

161 2874 191 2925 et
214 2865 250 2924 ad
273 2864 437 2926 claritatem
461 2865 616 2926 oculorum
635 2873 665 2926 et
683 2865 719 2926 ad
738 2865 872 2926 auditum
892 2867 1009 2926 aurium
1028 2868 1175 2944 optimum
1190 2885 1219 2926 eo

161 2962 216 3032 est,
235 2955 261 3014 si
280 2953 402 3014 adsidue
422 2957 638 3034 gargarizatum
657 2954 693 3014 ad
712 2972 815 3014 vocem
835 2972 953 3033 quoque
973 2963 1003 3014 et
1022 2955 1057 3014 ad
1077 2959 1175 3034 suspi-

161 3045 239 3102 rium
258 3050 288 3102 et
306 3043 342 3103 ad
362 3041 496 3120 splenem
515 3044 660 3122 optimum
679 3042 844 3103 remedium
859 3051 912 3104 est.
946 3041 978 3102 Si
993 3045 1060 3122 quis
1074 3051 1176 3106 aulem

250 3212 426 3268 hlaeniculi.
534 3213 664 3268 athimi:
686 3214 745 3283 phu
764 3213 924 3268 Carnarius.
1033 3219 1174 3269 4semen.

161 3284 344 3339 ehamedrasi.
430 3284 657 3340 ebarharurum.
747 3299 849 3338 semen.
935 3283 1174 3340 nardostorachis.

162 3356 328 3411 eradicem.
402 3362 540 3412 tsemen.
614 3355 701 3427 quod]
722 3372 776 3423 quo
797 3353 955 3408 Carnarius.
1033 3360 1174 3411 9semen.

164 3429 195 3476 11
215 3425 395 3480 hoclamsani.
500 3431 532 3480 18
552 3425 639 3482 debis.
739 3430 772 3478 at
787 3429 851 3492 past
869 3439 996 3492 quaeque
1015 3425 1079 3480 add.
1099 3427 1174 3482 sunt.

162 3499 195 3546 22
215 3495 327 3551 habeat.
393 3503 427 3552 23
448 3497 622 3552 combiberit.
695 3501 729 3550 25
748 3494 873 3564 picitum.
