2636 3790
567 143 784 207 ..66-

116 319 150 370 25
169 305 389 368 incumbentem
419 305 590 385 epiphoram
619 307 771 367 discuties.
818 305 848 365 Si
875 307 1004 383 impetus
1029 305 1182 367 oculorum

169 397 316 476 eruperit,
339 394 510 456 huiusmodi
533 395 698 456 remedium
722 395 877 455 confestim
903 393 1069 454 adhibebis:
1100 395 1184 455 Atra-

168 486 262 544 menti
293 485 426 544 sutoricii
458 514 496 526 -
521 482 535 542 l
563 485 593 543 in
622 501 727 563 aquam
759 482 897 544 mundam
922 483 1066 543 defundes
1093 483 1184 564 idque

169 573 278 633 acriter
306 572 422 632 fervere
454 571 557 652 facies,
591 579 653 633 tum
682 574 812 652 operies,
845 582 879 632 ut
907 572 1005 632 fervor
1032 571 1185 651 paululum

170 663 377 742 conquiescat,
405 669 493 739 atque
521 660 574 720 urbi
600 661 751 720 modicum
779 662 955 739 intepuerit,
982 663 1013 720 in
1042 661 1185 721 concham
1213 674 1228 715 s

168 749 359 811 transfundes
387 749 488 828 ibique
517 749 621 809 faciem
651 749 805 826 demerges
834 756 864 808 et
892 748 994 810 oculos
1027 749 1186 829 patefacies

168 841 245 899 intra
265 841 359 918 ipsam
379 856 498 919 aquam3
521 837 673 916 paululum
693 837 812 916 quidem
832 837 1026 917 admordehit,
1050 838 1101 898 sed
1122 857 1186 899 eer-

116 939 149 989 16
169 930 285 988 tissime
309 929 512 1007 experimento
537 926 670 986 dolorem
693 925 915 986 incumbentem
939 934 1060 986 avertet.
1102 926 1185 987 Colo-

169 1017 241 1076 fonii
261 1015 410 1076 modicum
428 1015 585 1094 phoenicio
604 1014 693 1094 inliga
713 1021 743 1074 et
762 1014 836 1075 eollo
855 1014 1007 1093 lippientis
1027 1014 1185 1094 suspende,

115 1105 268 1167 utstatim
297 1104 439 1183 proderit.
485 1103 623 1163 Dolorem
652 1103 805 1164 oculorum
829 1110 863 1164 ut
886 1121 962 1163 anno
986 1105 1102 1181 integro
1125 1115 1229 1162 non10

167 1193 303 1271 patiaris,
332 1209 400 1252 cum
427 1193 558 1269 primum
587 1193 699 1252 cerasia
728 1199 817 1251 erunt
839 1191 945 1251 idonea
970 1193 1048 1272 esui,
1081 1191 1111 1251 id
1139 1199 1185 1251 est

169 1282 254 1360 quasi
277 1288 401 1360 matura,
425 1279 461 1339 de
485 1279 582 1340 trihus
606 1281 728 1340 cerasiis
751 1279 866 1358 lapillos
889 1280 1052 1358 pertundes
1076 1287 1106 1340 et
1130 1278 1183 1339 Ga·

168 1369 268 1429 ditauo
293 1368 352 1428 lino
376 1370 490 1428 inserto
508 1386 563 1446 pro
587 1366 769 1447 phylacterio
789 1369 892 1449 uteris,
916 1376 983 1428 voto
1002 1369 1086 1446 prius
1106 1367 1184 1428 facto

168 1466 271 1518 contra
293 1455 384 1516 solem
404 1458 558 1538 orientem,
583 1456 662 1536 quod
682 1474 717 1516 eo
737 1475 813 1516 anno
833 1457 946 1516 cerasia
964 1475 1024 1516 non
1043 1458 1085 1516 sis
1104 1475 1183 1517 man-

115 1556 149 1605 18
169 1546 340 1606 ducaturus.
373 1543 511 1626 Herbam,
532 1563 607 1623 quae
621 1544 786 1624 appellatur
800 1545 996 1625 peristereon,
1016 1545 1228 1626 discoques,1⁶

169 1643 202 1696 ut
231 1634 393 1714 madescat,
421 1651 456 1694 ex
486 1652 561 1712 aqua
590 1633 708 1694 fontana
736 1633 771 1693 ad
801 1635 904 1694 tertias
932 1641 962 1693 et
989 1633 1058 1693 inde
1083 1634 1185 1695 oculos

116 1734 149 1784 29
169 1721 282 1784 fovebis
305 1724 419 1802 impetu
443 1721 623 1783 laborantes:
652 1725 729 1782 intra
757 1721 890 1782 triduum
918 1721 1100 1799 persanabis.
1137 1721 1184 1782 Vi·

38 1811 39 1816 ’
168 1812 274 1872 tandae
297 1819 442 1891 perpetuo
466 1809 652 1890 lippitudinis
676 1812 769 1889 gratia
794 1809 927 1889 observa,
952 1819 985 1872 ut
1009 1830 1024 1871 a
1044 1810 1105 1871 llal.
1124 1810 1184 1872 lau.

169 1919 204 1962 eo
228 1909 375 1982 tempore,
399 1918 458 1980 quo
482 1898 543 1960 llal.
568 1899 639 1960 solis
662 1899 710 1959 die
734 1899 857 1980 fuerint,
882 1902 969 1959 etiam
994 1897 1066 1959 hora
1090 1901 1184 1979 prima

168 1989 214 2049 rel
243 1997 343 2050 octava
373 1997 403 2050 et
430 1988 572 2067 deinceps
600 1988 656 2048 alio
685 1987 733 2048 die
762 1987 832 2048 solis
861 1999 890 2048 ct
918 1990 1006 2048 tertio
1036 1987 1107 2048 solis
1136 1988 1183 2048 die
1199 1999 1229 2041 20

171 2078 307 2140 similiter
331 2077 452 2157 collyrio
477 2079 561 2138 tenui
581 2079 744 2156 inungaris,
768 2083 833 2136 tum
852 2094 1013 2137 conversus
1033 2076 1069 2135 ad
1088 2079 1184 2136 orien-

168 2174 229 2228 tem
257 2164 376 2244 rogabis
404 2165 505 2244 deum,
533 2177 567 2225 ut
594 2183 629 2224 eo
658 2183 734 2225 anno
764 2164 864 2226 dolere
892 2162 995 2224 oculos
1025 2173 1093 2224 tuos
1125 2183 1185 2225 non

116 2266 150 2314 30
170 2256 255 2315 sinat.
289 2254 362 2314 Cum
377 2255 505 2332 primum
524 2252 715 2314 hirundinem
731 2254 860 2314 audieris
875 2261 926 2314 aut
941 2253 1059 2334 videriS,
1076 2255 1184 2314 tacitus

169 2342 237 2402 ilico
258 2341 293 2402 ad
314 2341 426 2401 fontem
445 2341 588 2401 decurres
607 2341 653 2402 vel
673 2341 708 2402 ad
724 2351 848 2421 puteum
862 2351 892 2402 et
908 2342 977 2402 inde
993 2360 1067 2420 aqna
1082 2342 1184 2403 oculos

170 2428 282 2491 fovehis
306 2437 336 2490 et
359 2428 478 2508 rogabis
497 2429 595 2509 deum,
618 2437 652 2490 ut
671 2448 705 2490 eo
725 2449 802 2491 anno
820 2449 880 2490 non
899 2429 1014 2510 lippias,
1037 2430 1183 2490 dolorem·
1199 2442 1227 2483 2⁵

115 2531 149 2580 31
170 2537 228 2599 que
252 2536 370 2578 omnem
398 2517 554 2579 oculorum
581 2527 702 2578 tuorum
730 2519 905 2579 hirundines
933 2519 1076 2579 auferant.
1128 2519 1184 2579 Ex-

168 2615 288 2688 pertum
311 2607 476 2668 remedium
500 2607 536 2668 ad
557 2607 774 2688 lippitudinem,
797 2626 835 2668 ne
855 2626 995 2687 umquam
1014 2615 1185 2689 temptetur,

170 2697 194 2757 si
219 2697 286 2776 quis
309 2694 447 2756 observet
471 2697 535 2756 sine
558 2697 778 2756 intermissione
803 2704 852 2756 aut
877 2695 1032 2777 oblivione,
1057 2705 1089 2756 ut
1113 2715 1184 2776 quo·

169 2786 247 2845 tiens
275 2783 392 2867 laverit,
421 2784 547 2845 deducta
571 2786 707 2863 utrisque
731 2785 868 2845 manibus
892 2785 928 2845 ad
951 2785 1043 2863 pedes
1067 2785 1184 2845 infimos

169 2891 244 2954 aqua
278 2874 377 2934 statim
409 2891 514 2934 manus
546 2873 647 2934 ambas
682 2872 717 2932 ad
751 2873 852 2934 oculos
885 2873 995 2934 referat
1027 2881 1115 2952 atque
1148 2874 1183 2935 ad
1199 2887 1226 2927 ³⁰

170 2962 293 3040 angulos
316 2980 419 3023 eorum
443 2970 570 3042 utraque
594 2980 683 3022 manu
707 2963 862 3042 perfricet,
888 2971 918 3022 et
941 2961 997 3022 hoo
1021 2969 1068 3022 ter
1087 2963 1184 3023 facere

116 3062 150 3110 32
170 3049 302 3112 debebis.
355 3050 505 3111 Adversus
533 3069 653 3111 umores
681 3059 711 3111 et
738 3050 854 3111 subitos
881 3053 1000 3128 inpetus
1029 3050 1184 3112 oculorum

170 3148 200 3200 et
223 3140 380 3220 epiphoras
403 3140 519 3201 radices
543 3139 628 3200 betae
652 3141 777 3200 maximo
801 3140 902 3218 nigrae
926 3157 961 3198 ex
987 3141 1185 3220 aquatepida

229 3298 257 3348 ’7
276 3294 428 3363 peulolum.
520 3298 535 3347 8
556 3291 721 3348 oolofhonii.
808 3298 824 3346 9
843 3291 952 3346 fenieio.
1048 3300 1080 3347 11
1100 3294 1183 3348 essui.

171 3369 203 3418 12
224 3362 364 3420 Gaditano
382 3365 494 3433 scripsi:
512 3363 637 3445 gaitano.
722 3369 753 3418 13
772 3361 948 3445 philacterio.
1026 3369 1060 3417 22
1080 3365 1183 3420 dolore.

170 3440 204 3557 ἐξ
223 3435 395 3562 pergrpppppm
499 3431 637 3489 24111100.
743 3440 777 3489 26
796 3435 964 3489 herundmes
1068 3436 1184 3491 auferat.
