<?xml version="1.0" encoding="UTF-8"?>
<!DOCTYPE html PUBLIC "-//W3C//DTD XHTML 1.0 Transitional//EN"
    "http://www.w3.org/TR/xhtml1/DTD/xhtml1-transitional.dtd">
<html xmlns="http://www.w3.org/1999/xhtml" xml:lang="en" lang="en">
 <head>
  <title>
</title>
<meta http-equiv="Content-Type" content="text/html;charset=utf-8" />
  <meta name='ocr-system' content='tesseract 3.04.00' />
  <meta name='ocr-capabilities' content='ocr_page ocr_carea ocr_par ocr_line ocrx_word'/>
</head>
<body>
  <div class='ocr_page' id='page_1' title='image "./marcellidemedic02helmgoog_0030.png"; bbox 0 0 2636 3790; ppageno 0'>
   <div class='ocr_carea' id='block_1_1' title="bbox 586 163 800 226">
    <p class='ocr_par' dir='ltr' id='par_1_1' title="bbox 586 163 800 226">
     <span class='ocr_line' id='line_1_1' title="bbox 586 163 800 226; baseline 0 -19"><span class='ocrx_word' id='word_1_1' title='bbox 586 163 800 226; x_wconf 75' lang='lat'><strong>..13..</strong></span> 
     </span>
    </p>
   </div>
   <div class='ocr_carea' id='block_1_2' title="bbox 135 323 1275 2976">
    <p class='ocr_par' dir='ltr' id='par_1_2' title="bbox 135 323 1275 2976">
     <span class='ocr_line' id='line_1_2' title="bbox 188 323 1205 404; baseline -0.002 -18"><span class='ocrx_word' id='word_1_2' title='bbox 188 329 259 386; x_wconf 86' lang='lat' dir='ltr'><strong>sitas</strong></span> <span class='ocrx_word' id='word_1_3' title='bbox 288 334 318 386; x_wconf 91' lang='lat' dir='ltr'><strong>et</strong></span> <span class='ocrx_word' id='word_1_4' title='bbox 345 343 405 385; x_wconf 87' lang='lat' dir='ltr'><strong>non</strong></span> <span class='ocrx_word' id='word_1_5' title='bbox 429 323 525 385; x_wconf 84' lang='lat' dir='ltr'><strong>solum</strong></span> <span class='ocrx_word' id='word_1_6' title='bbox 548 327 686 404; x_wconf 88' lang='lat' dir='ltr'><strong>antiquos</strong></span> <span class='ocrx_word' id='word_1_7' title='bbox 709 333 862 404; x_wconf 78' lang='lat' dir='ltr'><strong>auctores,</strong></span> <span class='ocrx_word' id='word_1_8' title='bbox 883 342 937 402; x_wconf 87' lang='lat' dir='ltr'><strong>per</strong></span> <span class='ocrx_word' id='word_1_9' title='bbox 961 342 1035 403; x_wconf 92' lang='lat' dir='ltr'><strong>quos</strong></span> <span class='ocrx_word' id='word_1_10' title='bbox 1064 341 1205 385; x_wconf 87' lang='lat' dir='ltr'><strong>eonsum-</strong></span> 
     </span>
     <span class='ocr_line' id='line_1_3' title="bbox 187 412 1207 494; baseline -0.001 -19"><span class='ocrx_word' id='word_1_11' title='bbox 187 421 285 476; x_wconf 88' lang='lat' dir='ltr'><strong>matur</strong></span> <span class='ocrx_word' id='word_1_12' title='bbox 313 414 472 494; x_wconf 80' lang='lat' dir='ltr'><strong>professio,</strong></span> <span class='ocrx_word' id='word_1_13' title='bbox 496 412 615 492; x_wconf 88' lang='lat' dir='ltr'><strong>quidam</strong></span> <span class='ocrx_word' id='word_1_14' title='bbox 639 415 789 493; x_wconf 79' lang='lat' dir='ltr'><strong>ignorant,</strong></span> <span class='ocrx_word' id='word_1_15' title='bbox 821 413 873 473; x_wconf 91' lang='lat' dir='ltr'><strong>sed</strong></span> <span class='ocrx_word' id='word_1_16' title='bbox 901 415 990 473; x_wconf 69' lang='lat' dir='ltr'><strong>etia!</strong></span> <span class='ocrx_word' id='word_1_17' title='bbox 1016 415 1207 474; x_wconf 82' lang='lat' dir='ltr'><strong>comminisci</strong></span> 
     </span>
     <span class='ocr_line' id='line_1_4' title="bbox 135 501 1205 582; baseline 0.004 -24"><span class='ocrx_word' id='word_1_18' title='bbox 135 510 169 560; x_wconf 90' lang='lat'><strong>10</strong></span> <span class='ocrx_word' id='word_1_19' title='bbox 189 503 260 564; x_wconf 88' lang='lat' dir='ltr'><strong>ialsa</strong></span> <span class='ocrx_word' id='word_1_20' title='bbox 284 503 320 564; x_wconf 92' lang='lat' dir='ltr'><strong>de</strong></span> <span class='ocrx_word' id='word_1_21' title='bbox 344 505 380 562; x_wconf 90' lang='lat' dir='ltr'><strong>iis</strong></span> <span class='ocrx_word' id='word_1_22' title='bbox 404 502 522 563; x_wconf 87' lang='lat' dir='ltr'><strong>audent.</strong></span> <span class='ocrx_word' id='word_1_23' title='bbox 563 501 621 562; x_wconf 88' lang='lat' dir='ltr'><strong>Ubi</strong></span> <span class='ocrx_word' id='word_1_24' title='bbox 649 505 728 562; x_wconf 92' lang='lat' dir='ltr'><strong>enim</strong></span> <span class='ocrx_word' id='word_1_25' title='bbox 753 501 887 563; x_wconf 89' lang='lat' dir='ltr'><strong>delectus</strong></span> <span class='ocrx_word' id='word_1_26' title='bbox 909 519 970 562; x_wconf 88' lang='lat' dir='ltr'><strong>non</strong></span> <span class='ocrx_word' id='word_1_27' title='bbox 993 509 1039 562; x_wconf 87' lang='lat' dir='ltr'><strong>est</strong></span> <span class='ocrx_word' id='word_1_28' title='bbox 1061 520 1205 582; x_wconf 87' lang='lat' dir='ltr'><strong>persona·</strong></span> 
     </span>
     <span class='ocr_line' id='line_1_5' title="bbox 188 589 1205 672; baseline -0.002 -20"><span class='ocrx_word' id='word_1_29' title='bbox 188 609 268 672; x_wconf 86' lang='lat' dir='ltr'><strong>rum,</strong></span> <span class='ocrx_word' id='word_1_30' title='bbox 303 591 356 652; x_wconf 87' lang='lat' dir='ltr'><strong>scd</strong></span> <span class='ocrx_word' id='word_1_31' title='bbox 384 591 488 652; x_wconf 90' lang='lat' dir='ltr'><strong>eodem</strong></span> <span class='ocrx_word' id='word_1_32' title='bbox 516 590 603 650; x_wconf 92' lang='lat' dir='ltr'><strong>modo</strong></span> <span class='ocrx_word' id='word_1_33' title='bbox 631 589 727 650; x_wconf 82' lang='lat' dir='ltr'><strong>malus</strong></span> <span class='ocrx_word' id='word_1_34' title='bbox 754 590 910 669; x_wconf 88' lang='lat' dir='ltr'><strong>bonusque</strong></span> <span class='ocrx_word' id='word_1_35' title='bbox 941 589 1080 670; x_wconf 90' lang='lat' dir='ltr'><strong>habetur,</strong></span> <span class='ocrx_word' id='word_1_36' title='bbox 1113 590 1205 651; x_wconf 91' lang='lat' dir='ltr'><strong>disci-</strong></span> 
     </span>
     <span class='ocr_line' id='line_1_6' title="bbox 187 679 1237 761; baseline -0.002 -20"><span class='ocrx_word' id='word_1_37' title='bbox 187 681 285 761; x_wconf 78' lang='lat' dir='ltr'><strong>plinae</strong></span> <span class='ocrx_word' id='word_1_38' title='bbox 313 699 347 741; x_wconf 90' lang='lat' dir='ltr'><strong>ac</strong></span> <span class='ocrx_word' id='word_1_39' title='bbox 377 688 476 741; x_wconf 85' lang='lat' dir='ltr'><strong>sectae</strong></span> <span class='ocrx_word' id='word_1_40' title='bbox 508 679 674 740; x_wconf 86' lang='lat' dir='ltr'><strong>observatio</strong></span> <span class='ocrx_word' id='word_1_41' title='bbox 707 679 799 759; x_wconf 88' lang='lat' dir='ltr'><strong>perit,</strong></span> <span class='ocrx_word' id='word_1_42' title='bbox 831 679 970 758; x_wconf 87' lang='lat' dir='ltr'><strong>quodque</strong></span> <span class='ocrx_word' id='word_1_43' title='bbox 1003 681 1067 740; x_wconf 84' lang='lat' dir='ltr'><strong>siue</strong></span> <span class='ocrx_word' id='word_1_44' title='bbox 1099 679 1237 739; x_wconf 72' lang='lat' dir='ltr'><strong>labores</strong></span> 
     </span>
     <span class='ocr_line' id='line_1_7' title="bbox 188 767 1204 849; baseline -0.002 -19"><span class='ocrx_word' id='word_1_45' title='bbox 188 777 286 849; x_wconf 85' lang='lat' dir='ltr'><strong>potest</strong></span> <span class='ocrx_word' id='word_1_46' title='bbox 305 771 477 848; x_wconf 85' lang='lat' dir='ltr'><strong>contingere</strong></span> <span class='ocrx_word' id='word_1_47' title='bbox 497 769 635 847; x_wconf 85' lang='lat' dir='ltr'><strong>idemque</strong></span> <span class='ocrx_word' id='word_1_48' title='bbox 651 768 825 847; x_wconf 85' lang='lat' dir='ltr'><strong>dignitatem</strong></span> <span class='ocrx_word' id='word_1_49' title='bbox 841 777 930 847; x_wconf 91' lang='lat' dir='ltr'><strong>atque</strong></span> <span class='ocrx_word' id='word_1_50' title='bbox 944 767 1103 828; x_wconf 88' lang='lat' dir='ltr'><strong>utilitatem</strong></span> <span class='ocrx_word' id='word_1_51' title='bbox 1117 786 1204 846; x_wconf 85' lang='lat' dir='ltr'><strong>prae·</strong></span> 
     </span>
     <span class='ocr_line' id='line_1_8' title="bbox 189 857 1204 936; baseline -0.003 -17"><span class='ocrx_word' id='word_1_52' title='bbox 189 867 268 920; x_wconf 77' lang='lat' dir='ltr'><strong>stare</strong></span> <span class='ocrx_word' id='word_1_53' title='bbox 287 859 414 936; x_wconf 86' lang='lat' dir='ltr'><strong>videtur,</strong></span> <span class='ocrx_word' id='word_1_54' title='bbox 432 857 462 918; x_wconf 92' lang='lat' dir='ltr'><strong>id</strong></span> <span class='ocrx_word' id='word_1_55' title='bbox 482 873 564 918; x_wconf 86' lang='lat' dir='ltr'><strong>unus</strong></span> <span class='ocrx_word' id='word_1_56' title='bbox 580 859 707 936; x_wconf 85' lang='lat' dir='ltr'><strong>quisque</strong></span> <span class='ocrx_word' id='word_1_57' title='bbox 721 860 815 935; x_wconf 81' lang='lat' dir='ltr'><strong>magis</strong></span> <span class='ocrx_word' id='word_1_58' title='bbox 829 859 974 936; x_wconf 83' lang='lat' dir='ltr'><strong>sequitur.</strong></span> <span class='ocrx_word' id='word_1_59' title='bbox 1008 857 1057 917; x_wconf 86' lang='lat' dir='ltr'><strong>Sic</strong></span> <span class='ocrx_word' id='word_1_60' title='bbox 1072 864 1105 916; x_wconf 90' lang='lat' dir='ltr'><strong>ut</strong></span> <span class='ocrx_word' id='word_1_61' title='bbox 1120 859 1204 935; x_wconf 89' lang='lat' dir='ltr'><strong>quis-</strong></span> 
     </span>
     <span class='ocr_line' id='line_1_9' title="bbox 189 945 1203 1027; baseline -0.004 -19"><span class='ocrx_word' id='word_1_62' title='bbox 189 965 247 1027; x_wconf 84' lang='lat' dir='ltr'><strong>que</strong></span> <span class='ocrx_word' id='word_1_63' title='bbox 274 945 367 1027; x_wconf 80' lang='lat' dir='ltr'><strong>volet,</strong></span> <span class='ocrx_word' id='word_1_64' title='bbox 396 947 483 1007; x_wconf 84' lang='lat' dir='ltr'><strong>faciet</strong></span> <span class='ocrx_word' id='word_1_65' title='bbox 510 946 696 1006; x_wconf 74' lang='lat' dir='ltr'><strong>medicinam.</strong></span> <span class='ocrx_word' id='word_1_66' title='bbox 738 945 887 1016; x_wconf 82' lang='lat' dir='ltr'><strong>Quosdam</strong></span> <span class='ocrx_word' id='word_1_67' title='bbox 916 948 995 1006; x_wconf 84' lang='lat' dir='ltr'><strong>enim</strong></span> <span class='ocrx_word' id='word_1_68' title='bbox 1021 964 1037 1005; x_wconf 89' lang='lat' dir='ltr'><strong>a</strong></span> <span class='ocrx_word' id='word_1_69' title='bbox 1060 963 1203 1024; x_wconf 80' lang='lat' dir='ltr'><strong>perverso</strong></span> 
     </span>
     <span class='ocr_line' id='line_1_10' title="bbox 187 1034 1205 1116; baseline -0.003 -20"><span class='ocrx_word' id='word_1_70' title='bbox 187 1039 340 1116; x_wconf 85' lang='lat' dir='ltr'><strong>proposito</strong></span> <span class='ocrx_word' id='word_1_71' title='bbox 369 1053 456 1095; x_wconf 76' lang='lat' dir='ltr'><strong>tremo</strong></span> <span class='ocrx_word' id='word_1_72' title='bbox 484 1043 583 1113; x_wconf 90' lang='lat' dir='ltr'><strong>potest</strong></span> <span class='ocrx_word' id='word_1_73' title='bbox 605 1053 724 1094; x_wconf 87' lang='lat' dir='ltr'><strong>movere</strong></span> <span class='ocrx_word' id='word_1_74' title='bbox 753 1044 784 1095; x_wconf 91' lang='lat' dir='ltr'><strong>et</strong></span> <span class='ocrx_word' id='word_1_75' title='bbox 810 1052 881 1095; x_wconf 90' lang='lat' dir='ltr'><strong>sane</strong></span> <span class='ocrx_word' id='word_1_76' title='bbox 904 1034 1042 1095; x_wconf 88' lang='lat' dir='ltr'><strong>omnibus</strong></span> <span class='ocrx_word' id='word_1_77' title='bbox 1065 1035 1205 1112; x_wconf 83' lang='lat' dir='ltr'><strong>permisit</strong></span> 
     </span>
     <span class='ocr_line' id='line_1_11' title="bbox 187 1121 1250 1202; baseline -0.002 -18"><span class='ocrx_word' id='word_1_78' title='bbox 187 1123 314 1184; x_wconf 88' lang='lat' dir='ltr'><strong>liberum</strong></span> <span class='ocrx_word' id='word_1_79' title='bbox 334 1123 490 1183; x_wconf 73' lang='lat' dir='ltr'><strong>arbitrium</strong></span> <span class='ocrx_word' id='word_1_80' title='bbox 509 1121 681 1201; x_wconf 66' lang='lat' dir='ltr'><strong>magnitudo</strong></span> <span class='ocrx_word' id='word_1_81' title='bbox 700 1123 896 1202; x_wconf 81' lang='lat' dir='ltr'><strong>proicseionis</strong></span> <span class='ocrx_word' id='word_1_82' title='bbox 914 1125 988 1183; x_wconf 89' lang='lat' dir='ltr'><strong>eius.</strong></span> <span class='ocrx_word' id='word_1_83' title='bbox 1021 1122 1130 1182; x_wconf 86' lang='lat' dir='ltr'><strong>llultos</strong></span> <span class='ocrx_word' id='word_1_84' title='bbox 1148 1124 1250 1183; x_wconf 84' lang='lat' dir='ltr'><strong>ita-10</strong></span> 
     </span>
     <span class='ocr_line' id='line_1_12' title="bbox 188 1211 1205 1291; baseline -0.001 -19"><span class='ocrx_word' id='word_1_85' title='bbox 188 1229 246 1291; x_wconf 89' lang='lat' dir='ltr'><strong>que</strong></span> <span class='ocrx_word' id='word_1_86' title='bbox 274 1211 535 1272; x_wconf 72' lang='lat' dir='ltr'><strong>animadvertimus</strong></span> <span class='ocrx_word' id='word_1_87' title='bbox 563 1213 653 1272; x_wconf 85' lang='lat' dir='ltr'><strong>unius</strong></span> <span class='ocrx_word' id='word_1_88' title='bbox 686 1213 866 1272; x_wconf 80' lang='lat' dir='ltr'><strong>infirmitatis</strong></span> <span class='ocrx_word' id='word_1_89' title='bbox 899 1212 1045 1272; x_wconf 88' lang='lat' dir='ltr'><strong>sanandae</strong></span> <span class='ocrx_word' id='word_1_90' title='bbox 1078 1213 1205 1272; x_wconf 86' lang='lat' dir='ltr'><strong>scientia</strong></span> 
     </span>
     <span class='ocr_line' id='line_1_13' title="bbox 136 1299 1204 1380; baseline -0.003 -18"><span class='ocrx_word' id='word_1_91' title='bbox 136 1307 169 1356; x_wconf 92' lang='lat'><strong>11</strong></span> <span class='ocrx_word' id='word_1_92' title='bbox 188 1300 297 1362; x_wconf 80' lang='lat' dir='ltr'><strong>medici</strong></span> <span class='ocrx_word' id='word_1_93' title='bbox 310 1299 431 1380; x_wconf 87' lang='lat' dir='ltr'><strong>plenum</strong></span> <span class='ocrx_word' id='word_1_94' title='bbox 448 1317 556 1361; x_wconf 88' lang='lat' dir='ltr'><strong>nomen</strong></span> <span class='ocrx_word' id='word_1_95' title='bbox 573 1309 759 1360; x_wconf 89' lang='lat' dir='ltr'><strong>consecutos.</strong></span> <span class='ocrx_word' id='word_1_96' title='bbox 779 1300 839 1361; x_wconf 87' lang='lat' dir='ltr'><strong>Nos</strong></span> <span class='ocrx_word' id='word_1_97' title='bbox 853 1317 923 1360; x_wconf 87' lang='lat' dir='ltr'><strong>vero</strong></span> <span class='ocrx_word' id='word_1_98' title='bbox 938 1300 974 1360; x_wconf 88' lang='lat' dir='ltr'><strong>ab</strong></span> <span class='ocrx_word' id='word_1_99' title='bbox 989 1301 1073 1361; x_wconf 90' lang='lat' dir='ltr'><strong>initio</strong></span> <span class='ocrx_word' id='word_1_100' title='bbox 1089 1308 1204 1360; x_wconf 90' lang='lat' dir='ltr'><strong>rectam</strong></span> 
     </span>
     <span class='ocr_line' id='line_1_14' title="bbox 187 1388 1204 1469; baseline -0.001 -20"><span class='ocrx_word' id='word_1_101' title='bbox 187 1392 264 1450; x_wconf 88' lang='lat' dir='ltr'><strong>viam</strong></span> <span class='ocrx_word' id='word_1_102' title='bbox 293 1391 389 1450; x_wconf 88' lang='lat' dir='ltr'><strong>secuti</strong></span> <span class='ocrx_word' id='word_1_103' title='bbox 411 1388 484 1448; x_wconf 91' lang='lat' dir='ltr'><strong>nibil</strong></span> <span class='ocrx_word' id='word_1_104' title='bbox 508 1391 592 1468; x_wconf 88' lang='lat' dir='ltr'><strong>prius</strong></span> <span class='ocrx_word' id='word_1_105' title='bbox 620 1388 677 1466; x_wconf 89' lang='lat' dir='ltr'><strong>[in]</strong></span> <span class='ocrx_word' id='word_1_106' title='bbox 702 1391 795 1450; x_wconf 87' lang='lat' dir='ltr'><strong>totius</strong></span> <span class='ocrx_word' id='word_1_107' title='bbox 819 1391 891 1449; x_wconf 89' lang='lat' dir='ltr'><strong>artis</strong></span> <span class='ocrx_word' id='word_1_108' title='bbox 910 1391 1115 1469; x_wconf 89' lang='lat' dir='ltr'><strong>perceptione,</strong></span> <span class='ocrx_word' id='word_1_109' title='bbox 1144 1406 1204 1467; x_wconf 87' lang='lat' dir='ltr'><strong>qua</strong></span> 
     </span>
     <span class='ocr_line' id='line_1_15' title="bbox 156 1477 1203 1558; baseline -0.002 -20"><span class='ocrx_word' id='word_1_110' title='bbox 156 1519 158 1522; x_wconf 92' lang='lat'>-</span> <span class='ocrx_word' id='word_1_111' title='bbox 187 1477 301 1538; x_wconf 87' lang='lat' dir='ltr'><strong>homini</strong></span> <span class='ocrx_word' id='word_1_112' title='bbox 324 1479 517 1558; x_wconf 68' lang='lat' dir='ltr'><strong>permittitur,</strong></span> <span class='ocrx_word' id='word_1_113' title='bbox 540 1477 748 1555; x_wconf 82' lang='lat' dir='ltr'><strong>iudicavimus,</strong></span> <span class='ocrx_word' id='word_1_114' title='bbox 773 1479 841 1556; x_wconf 92' lang='lat' dir='ltr'><strong>quia</strong></span> <span class='ocrx_word' id='word_1_115' title='bbox 864 1495 899 1538; x_wconf 84' lang='lat' dir='ltr'><strong>ox</strong></span> <span class='ocrx_word' id='word_1_116' title='bbox 923 1477 978 1538; x_wconf 89' lang='lat' dir='ltr'><strong>bac</strong></span> <span class='ocrx_word' id='word_1_117' title='bbox 1002 1479 1099 1545; x_wconf 87' lang='lat' dir='ltr'><strong>omnia</strong></span> <span class='ocrx_word' id='word_1_118' title='bbox 1123 1495 1203 1538; x_wconf 91' lang='lat' dir='ltr'><strong>com·</strong></span> 
     </span>
     <span class='ocr_line' id='line_1_16' title="bbox 187 1565 1247 1644; baseline -0.002 -18"><span class='ocrx_word' id='word_1_119' title='bbox 187 1567 274 1626; x_wconf 91' lang='lat' dir='ltr'><strong>moda</strong></span> <span class='ocrx_word' id='word_1_120' title='bbox 298 1574 512 1627; x_wconf 85' lang='lat' dir='ltr'><strong>consecuturos</strong></span> <span class='ocrx_word' id='word_1_121' title='bbox 536 1583 591 1626; x_wconf 91' lang='lat' dir='ltr'><strong>uos</strong></span> <span class='ocrx_word' id='word_1_122' title='bbox 610 1565 863 1644; x_wconf 79' lang='lat' dir='ltr'><strong>existimabamus,</strong></span> <span class='ocrx_word' id='word_1_123' title='bbox 889 1584 949 1626; x_wconf 90' lang='lat' dir='ltr'><strong>uon</strong></span> <span class='ocrx_word' id='word_1_124' title='bbox 972 1567 1089 1626; x_wconf 86' lang='lat' dir='ltr'><strong>medius</strong></span> <span class='ocrx_word' id='word_1_125' title='bbox 1111 1565 1201 1626; x_wconf 82' lang='lat' dir='ltr'><strong>fidius</strong></span> <span class='ocrx_word' id='word_1_126' title='bbox 1217 1584 1247 1625; x_wconf 86' lang='lat'><strong>15</strong></span> 
     </span>
     <span class='ocr_line' id='line_1_17' title="bbox 187 1653 1203 1734; baseline -0.002 -18"><span class='ocrx_word' id='word_1_127' title='bbox 187 1663 248 1716; x_wconf 90' lang='lat' dir='ltr'><strong>tam</strong></span> <span class='ocrx_word' id='word_1_128' title='bbox 279 1657 423 1733; x_wconf 89' lang='lat' dir='ltr'><strong>pecuniae</strong></span> <span class='ocrx_word' id='word_1_129' title='bbox 457 1662 507 1715; x_wconf 90' lang='lat' dir='ltr'><strong>aut</strong></span> <span class='ocrx_word' id='word_1_130' title='bbox 542 1653 653 1733; x_wconf 79' lang='lat' dir='ltr'><strong>gloriae</strong></span> <span class='ocrx_word' id='word_1_131' title='bbox 685 1655 848 1734; x_wconf 86' lang='lat' dir='ltr'><strong>cupiditate</strong></span> <span class='ocrx_word' id='word_1_132' title='bbox 882 1673 969 1734; x_wconf 92' lang='lat' dir='ltr'><strong>quam</strong></span> <span class='ocrx_word' id='word_1_133' title='bbox 1001 1656 1096 1733; x_wconf 90' lang='lat' dir='ltr'><strong>ipsius</strong></span> <span class='ocrx_word' id='word_1_134' title='bbox 1128 1657 1203 1714; x_wconf 88' lang='lat' dir='ltr'><strong>artis</strong></span> 
     </span>
     <span class='ocr_line' id='line_1_18' title="bbox 189 1743 1202 1822; baseline -0.002 -18"><span class='ocrx_word' id='word_1_135' title='bbox 189 1746 322 1804; x_wconf 89' lang='lat' dir='ltr'><strong>seientia.</strong></span> <span class='ocrx_word' id='word_1_136' title='bbox 363 1743 501 1822; x_wconf 84' lang='lat' dir='ltr'><strong>Magnum</strong></span> <span class='ocrx_word' id='word_1_137' title='bbox 531 1746 610 1804; x_wconf 89' lang='lat' dir='ltr'><strong>enim</strong></span> <span class='ocrx_word' id='word_1_138' title='bbox 638 1751 668 1804; x_wconf 89' lang='lat' dir='ltr'><strong>et</strong></span> <span class='ocrx_word' id='word_1_139' title='bbox 693 1761 781 1822; x_wconf 89' lang='lat' dir='ltr'><strong>supra</strong></span> <span class='ocrx_word' id='word_1_140' title='bbox 806 1743 935 1804; x_wconf 91' lang='lat' dir='ltr'><strong>bominis</strong></span> <span class='ocrx_word' id='word_1_141' title='bbox 958 1751 1094 1806; x_wconf 90' lang='lat' dir='ltr'><strong>naturam</strong></span> <span class='ocrx_word' id='word_1_142' title='bbox 1117 1743 1202 1803; x_wconf 83' lang='lat' dir='ltr'><strong>duxi·</strong></span> 
     </span>
     <span class='ocr_line' id='line_1_19' title="bbox 186 1832 1202 1912; baseline 0 -20"><span class='ocrx_word' id='word_1_143' title='bbox 186 1851 253 1893; x_wconf 89' lang='lat' dir='ltr'><strong>mus</strong></span> <span class='ocrx_word' id='word_1_144' title='bbox 283 1849 371 1912; x_wconf 85' lang='lat' dir='ltr'><strong>posse</strong></span> <span class='ocrx_word' id='word_1_145' title='bbox 400 1832 527 1911; x_wconf 85' lang='lat' dir='ltr'><strong>aliquem</strong></span> <span class='ocrx_word' id='word_1_146' title='bbox 555 1833 635 1892; x_wconf 82' lang='lat' dir='ltr'><strong>tueri</strong></span> <span class='ocrx_word' id='word_1_147' title='bbox 662 1832 708 1892; x_wconf 91' lang='lat' dir='ltr'><strong>vel</strong></span> <span class='ocrx_word' id='word_1_148' title='bbox 735 1833 903 1912; x_wconf 87' lang='lat' dir='ltr'><strong>reciperare</strong></span> <span class='ocrx_word' id='word_1_149' title='bbox 937 1849 1020 1892; x_wconf 86' lang='lat' dir='ltr'><strong>suam</strong></span> <span class='ocrx_word' id='word_1_150' title='bbox 1054 1840 1084 1892; x_wconf 88' lang='lat' dir='ltr'><strong>et</strong></span> <span class='ocrx_word' id='word_1_151' title='bbox 1111 1833 1202 1892; x_wconf 89' lang='lat' dir='ltr'><strong>unius</strong></span> 
     </span>
     <span class='ocr_line' id='line_1_20' title="bbox 188 1919 1201 2000; baseline -0.001 -19"><span class='ocrx_word' id='word_1_152' title='bbox 188 1923 333 2000; x_wconf 91' lang='lat' dir='ltr'><strong>cuiusque</strong></span> <span class='ocrx_word' id='word_1_153' title='bbox 361 1921 469 1981; x_wconf 91' lang='lat' dir='ltr'><strong>bonam</strong></span> <span class='ocrx_word' id='word_1_154' title='bbox 496 1920 705 1982; x_wconf 84' lang='lat' dir='ltr'><strong>valetudinem.</strong></span> <span class='ocrx_word' id='word_1_155' title='bbox 745 1919 848 2000; x_wconf 90' lang='lat' dir='ltr'><strong>ltaque</strong></span> <span class='ocrx_word' id='word_1_156' title='bbox 876 1928 911 1981; x_wconf 93' lang='lat' dir='ltr'><strong>ut</strong></span> <span class='ocrx_word' id='word_1_157' title='bbox 934 1923 1043 1981; x_wconf 89' lang='lat' dir='ltr'><strong>ceteris</strong></span> <span class='ocrx_word' id='word_1_158' title='bbox 1066 1919 1201 2000; x_wconf 90' lang='lat' dir='ltr'><strong>partibus</strong></span> 
     </span>
     <span class='ocr_line' id='line_1_21' title="bbox 188 2009 1245 2091; baseline -0.002 -21"><span class='ocrx_word' id='word_1_159' title='bbox 188 2009 376 2091; x_wconf 88' lang='lat' dir='ltr'><strong>discipliuae,</strong></span> <span class='ocrx_word' id='word_1_160' title='bbox 404 2011 445 2070; x_wconf 88' lang='lat' dir='ltr'><strong>ita</strong></span> <span class='ocrx_word' id='word_1_161' title='bbox 471 2009 542 2070; x_wconf 92' lang='lat' dir='ltr'><strong>huic</strong></span> <span class='ocrx_word' id='word_1_162' title='bbox 566 2028 698 2090; x_wconf 90' lang='lat' dir='ltr'><strong>quoque,</strong></span> <span class='ocrx_word' id='word_1_163' title='bbox 728 2027 803 2088; x_wconf 88' lang='lat' dir='ltr'><strong>quae</strong></span> <span class='ocrx_word' id='word_1_164' title='bbox 831 2028 885 2089; x_wconf 83' lang='lat' dir='ltr'><strong>per</strong></span> <span class='ocrx_word' id='word_1_165' title='bbox 908 2009 1121 2070; x_wconf 90' lang='lat' dir='ltr'><strong>medicamenta</strong></span> <span class='ocrx_word' id='word_1_166' title='bbox 1145 2012 1201 2069; x_wconf 92' lang='lat' dir='ltr'><strong>vir·</strong></span> <span class='ocrx_word' id='word_1_167' title='bbox 1216 2026 1245 2068; x_wconf 81' lang='lat' dir='ltr'><strong>ao</strong></span> 
     </span>
     <span class='ocr_line' id='line_1_22' title="bbox 186 2097 1201 2180; baseline -0.001 -21"><span class='ocrx_word' id='word_1_168' title='bbox 186 2107 282 2160; x_wconf 84' lang='lat' dir='ltr'><strong>tutem</strong></span> <span class='ocrx_word' id='word_1_169' title='bbox 312 2115 395 2158; x_wconf 91' lang='lat' dir='ltr'><strong>suam</strong></span> <span class='ocrx_word' id='word_1_170' title='bbox 419 2097 551 2179; x_wconf 82' lang='lat' dir='ltr'><strong>exbibet,</strong></span> <span class='ocrx_word' id='word_1_171' title='bbox 584 2100 701 2158; x_wconf 84' lang='lat' dir='ltr'><strong>curiose</strong></span> <span class='ocrx_word' id='word_1_172' title='bbox 730 2099 894 2158; x_wconf 86' lang='lat' dir='ltr'><strong>institimus</strong></span> <span class='ocrx_word' id='word_1_173' title='bbox 922 2115 957 2158; x_wconf 89' lang='lat' dir='ltr'><strong>eo</strong></span> <span class='ocrx_word' id='word_1_174' title='bbox 987 2100 1094 2180; x_wconf 81' lang='lat' dir='ltr'><strong>magis,</strong></span> <span class='ocrx_word' id='word_1_175' title='bbox 1122 2098 1201 2178; x_wconf 93' lang='lat' dir='ltr'><strong>quod</strong></span> 
     </span>
     <span class='ocr_line' id='line_1_23' title="bbox 188 2186 1201 2267; baseline 0 -21"><span class='ocrx_word' id='word_1_176' title='bbox 188 2186 427 2266; x_wconf 81' lang='lat' dir='ltr'><strong>percipiebrmus</strong></span> <span class='ocrx_word' id='word_1_177' title='bbox 451 2188 482 2245; x_wconf 89' lang='lat' dir='ltr'><strong>in</strong></span> <span class='ocrx_word' id='word_1_178' title='bbox 506 2186 570 2246; x_wconf 91' lang='lat' dir='ltr'><strong>dies</strong></span> <span class='ocrx_word' id='word_1_179' title='bbox 594 2205 629 2246; x_wconf 84' lang='lat' dir='ltr'><strong>ex</strong></span> <span class='ocrx_word' id='word_1_180' title='bbox 653 2204 709 2246; x_wconf 92' lang='lat' dir='ltr'><strong>usu</strong></span> <span class='ocrx_word' id='word_1_181' title='bbox 733 2187 887 2265; x_wconf 84' lang='lat' dir='ltr'><strong>profectus</strong></span> <span class='ocrx_word' id='word_1_182' title='bbox 910 2189 988 2267; x_wconf 89' lang='lat' dir='ltr'><strong>eius,</strong></span> <span class='ocrx_word' id='word_1_183' title='bbox 1013 2205 1087 2266; x_wconf 93' lang='lat' dir='ltr'><strong>quos</strong></span> <span class='ocrx_word' id='word_1_184' title='bbox 1110 2188 1201 2247; x_wconf 91' lang='lat' dir='ltr'><strong>inter-</strong></span> 
     </span>
     <span class='ocr_line' id='line_1_24' title="bbox 189 2274 1201 2354; baseline 0.002 -20"><span class='ocrx_word' id='word_1_185' title='bbox 189 2275 260 2335; x_wconf 90' lang='lat' dir='ltr'><strong>dum</strong></span> <span class='ocrx_word' id='word_1_186' title='bbox 288 2275 378 2352; x_wconf 90' lang='lat' dir='ltr'><strong>su&#39;pra</strong></span> <span class='ocrx_word' id='word_1_187' title='bbox 407 2274 495 2334; x_wconf 86' lang='lat' dir='ltr'><strong>fidem</strong></span> <span class='ocrx_word' id='word_1_188' title='bbox 530 2282 619 2352; x_wconf 89' lang='lat' dir='ltr'><strong>atque</strong></span> <span class='ocrx_word' id='word_1_189' title='bbox 651 2277 819 2354; x_wconf 85' lang='lat' dir='ltr'><strong>opinionem</strong></span> <span class='ocrx_word' id='word_1_190' title='bbox 852 2274 1048 2354; x_wconf 90' lang='lat' dir='ltr'><strong>plurimorum</strong></span> <span class='ocrx_word' id='word_1_191' title='bbox 1082 2275 1201 2336; x_wconf 80' lang='lat' dir='ltr'><strong>exbibe-</strong></span> 
     </span>
     <span class='ocr_line' id='line_1_25' title="bbox 135 2361 1201 2443; baseline 0.008 -26"><span class='ocrx_word' id='word_1_192' title='bbox 135 2368 170 2418; x_wconf 74' lang='lat'><strong>12</strong></span> <span class='ocrx_word' id='word_1_193' title='bbox 188 2362 301 2423; x_wconf 89' lang='lat' dir='ltr'><strong>bamus.</strong></span> <span class='ocrx_word' id='word_1_194' title='bbox 334 2362 392 2422; x_wconf 83' lang='lat' dir='ltr'><strong>Sed</strong></span> <span class='ocrx_word' id='word_1_195' title='bbox 412 2362 482 2441; x_wconf 93' lang='lat' dir='ltr'><strong>quid</strong></span> <span class='ocrx_word' id='word_1_196' title='bbox 502 2361 579 2422; x_wconf 88' lang='lat' dir='ltr'><strong>ultra</strong></span> <span class='ocrx_word' id='word_1_197' title='bbox 599 2380 674 2441; x_wconf 91' lang='lat' dir='ltr'><strong>opus</strong></span> <span class='ocrx_word' id='word_1_198' title='bbox 696 2371 742 2423; x_wconf 89' lang='lat' dir='ltr'><strong>est</strong></span> <span class='ocrx_word' id='word_1_199' title='bbox 755 2362 883 2443; x_wconf 87' lang='lat' dir='ltr'><strong>probare</strong></span> <span class='ocrx_word' id='word_1_200' title='bbox 897 2366 1099 2425; x_wconf 89' lang='lat' dir='ltr'><strong>necessarium</strong></span> <span class='ocrx_word' id='word_1_201' title='bbox 1114 2383 1201 2425; x_wconf 78' lang='lat' dir='ltr'><strong>ursum</strong></span> 
     </span>
     <span class='ocr_line' id='line_1_26' title="bbox 189 2451 1275 2533; baseline -0.004 -21"><span class='ocrx_word' id='word_1_202' title='bbox 189 2469 255 2512; x_wconf 88' lang='lat' dir='ltr'><strong>esse</strong></span> <span class='ocrx_word' id='word_1_203' title='bbox 278 2451 575 2532; x_wconf 82' lang='lat' dir='ltr'><strong>medicamentorum,</strong></span> <span class='ocrx_word' id='word_1_204' title='bbox 598 2453 758 2530; x_wconf 88' lang='lat' dir='ltr'><strong>praecipue</strong></span> <span class='ocrx_word' id='word_1_205' title='bbox 782 2451 850 2533; x_wconf 90' lang='lat' dir='ltr'><strong>tibi,</strong></span> <span class='ocrx_word' id='word_1_206' title='bbox 875 2455 926 2532; x_wconf 90' lang='lat' dir='ltr'><strong>qui</strong></span> <span class='ocrx_word' id='word_1_207' title='bbox 949 2456 1018 2532; x_wconf 89' lang='lat' dir='ltr'><strong>quia</strong></span> <span class='ocrx_word' id='word_1_208' title='bbox 1040 2455 1201 2532; x_wconf 87' lang='lat' dir='ltr'><strong>percepisti</strong></span> <span class='ocrx_word' id='word_1_209' title='bbox 1215 2471 1241 2512; x_wconf 80' lang='lat' dir='ltr'><strong>aa</strong></span> <span class='ocrx_word' id='word_1_210' title='bbox 1274 2503 1275 2508; x_wconf 73' lang='grc'>,</span> 
     </span>
     <span class='ocr_line' id='line_1_27' title="bbox 188 2537 1200 2622; baseline 0.002 -22"><span class='ocrx_word' id='word_1_211' title='bbox 188 2537 347 2600; x_wconf 87' lang='lat' dir='ltr'><strong>utilitatem</strong></span> <span class='ocrx_word' id='word_1_212' title='bbox 382 2557 503 2622; x_wconf 89' lang='lat' dir='ltr'><strong>eorum,</strong></span> <span class='ocrx_word' id='word_1_213' title='bbox 535 2539 647 2600; x_wconf 88' lang='lat' dir='ltr'><strong>ideireo</strong></span> <span class='ocrx_word' id='word_1_214' title='bbox 680 2560 695 2601; x_wconf 90' lang='lat' dir='ltr'><strong>e</strong></span> <span class='ocrx_word' id='word_1_215' title='bbox 728 2559 775 2600; x_wconf 90' lang='lat' dir='ltr'><strong>me</strong></span> <span class='ocrx_word' id='word_1_216' title='bbox 808 2543 1028 2620; x_wconf 84' lang='lat' dir='ltr'><strong>conpositiones</strong></span> <span class='ocrx_word' id='word_1_217' title='bbox 1061 2541 1200 2620; x_wconf 91' lang='lat' dir='ltr'><strong>quasdam</strong></span> 
     </span>
     <span class='ocr_line' id='line_1_28' title="bbox 187 2581 1275 2708; baseline 0.004 -20"><span class='ocrx_word' id='word_1_218' title='bbox 187 2625 311 2708; x_wconf 79' lang='lat' dir='ltr'><strong>petisti?</strong></span> <span class='ocrx_word' id='word_1_219' title='bbox 352 2627 415 2706; x_wconf 83' lang='lat' dir='ltr'><strong>Ego</strong></span> <span class='ocrx_word' id='word_1_220' title='bbox 439 2637 537 2688; x_wconf 91' lang='lat' dir='ltr'><strong>autem</strong></span> <span class='ocrx_word' id='word_1_221' title='bbox 561 2647 675 2689; x_wconf 88' lang='lat' dir='ltr'><strong>memor</strong></span> <span class='ocrx_word' id='word_1_222' title='bbox 697 2630 890 2690; x_wconf 88' lang='lat' dir='ltr'><strong>humanitatis</strong></span> <span class='ocrx_word' id='word_1_223' title='bbox 914 2639 982 2692; x_wconf 90' lang='lat' dir='ltr'><strong>tuae</strong></span> <span class='ocrx_word' id='word_1_224' title='bbox 1005 2631 1199 2708; x_wconf 88' lang='lat' dir='ltr'><strong>candorisque</strong></span> <span class='ocrx_word' id='word_1_225' title='bbox 1235 2680 1237 2684; x_wconf 92' lang='lat'><strong>.</strong></span> <span class='ocrx_word' id='word_1_226' title='bbox 1274 2581 1275 2669; x_wconf 71' lang='lat' dir='ltr'><strong>i</strong></span> 
     </span>
     <span class='ocr_line' id='line_1_29' title="bbox 189 2717 1198 2799; baseline 0.002 -23"><span class='ocrx_word' id='word_1_227' title='bbox 189 2719 279 2776; x_wconf 89' lang='lat' dir='ltr'><strong>animi</strong></span> <span class='ocrx_word' id='word_1_228' title='bbox 307 2719 364 2798; x_wconf 94' lang='lat' dir='ltr'><strong>tui,</strong></span> <span class='ocrx_word' id='word_1_229' title='bbox 393 2735 481 2796; x_wconf 90' lang='lat' dir='ltr'><strong>quem</strong></span> <span class='ocrx_word' id='word_1_230' title='bbox 510 2717 648 2778; x_wconf 89' lang='lat' dir='ltr'><strong>omnibus</strong></span> <span class='ocrx_word' id='word_1_231' title='bbox 677 2718 797 2797; x_wconf 92' lang='lat' dir='ltr'><strong>quidem</strong></span> <span class='ocrx_word' id='word_1_232' title='bbox 824 2718 995 2780; x_wconf 88' lang='lat' dir='ltr'><strong>bominibus</strong></span> <span class='ocrx_word' id='word_1_233' title='bbox 1020 2719 1198 2799; x_wconf 89' lang='lat' dir='ltr'><strong>plenissime,</strong></span> 
     </span>
     <span class='ocr_line' id='line_1_30' title="bbox 187 2805 1199 2888; baseline 0.002 -23"><span class='ocrx_word' id='word_1_234' title='bbox 187 2805 261 2865; x_wconf 89' lang='lat' dir='ltr'><strong>mibi</strong></span> <span class='ocrx_word' id='word_1_235' title='bbox 280 2808 367 2866; x_wconf 91' lang='lat' dir='ltr'><strong>etiam</strong></span> <span class='ocrx_word' id='word_1_236' title='bbox 387 2806 577 2884; x_wconf 89' lang='lat' dir='ltr'><strong>peculiariter</strong></span> <span class='ocrx_word' id='word_1_237' title='bbox 595 2816 739 2888; x_wconf 87' lang='lat' dir='ltr'><strong>praestas,</strong></span> <span class='ocrx_word' id='word_1_238' title='bbox 761 2825 821 2867; x_wconf 91' lang='lat' dir='ltr'><strong>non</strong></span> <span class='ocrx_word' id='word_1_239' title='bbox 840 2808 935 2868; x_wconf 91' lang='lat' dir='ltr'><strong>solum</strong></span> <span class='ocrx_word' id='word_1_240' title='bbox 955 2825 1030 2887; x_wconf 91' lang='lat' dir='ltr'><strong>quae</strong></span> <span class='ocrx_word' id='word_1_241' title='bbox 1050 2808 1199 2868; x_wconf 87' lang='lat' dir='ltr'><strong>desideras</strong></span> 
     </span>
     <span class='ocr_line' id='line_1_31' title="bbox 187 2894 1237 2976; baseline 0.004 -22"><span class='ocrx_word' id='word_1_242' title='bbox 187 2894 327 2976; x_wconf 88' lang='lat' dir='ltr'><strong>remedia,</strong></span> <span class='ocrx_word' id='word_1_243' title='bbox 350 2912 454 2955; x_wconf 91' lang='lat' dir='ltr'><strong>verum</strong></span> <span class='ocrx_word' id='word_1_244' title='bbox 478 2896 567 2955; x_wconf 86' lang='lat' dir='ltr'><strong>etiam</strong></span> <span class='ocrx_word' id='word_1_245' title='bbox 591 2897 617 2955; x_wconf 89' lang='lat' dir='ltr'><strong>si</strong></span> <span class='ocrx_word' id='word_1_246' title='bbox 640 2914 697 2974; x_wconf 86' lang='lat' dir='ltr'><strong>qua</strong></span> <span class='ocrx_word' id='word_1_247' title='bbox 721 2895 776 2956; x_wconf 91' lang='lat' dir='ltr'><strong>alia</strong></span> <span class='ocrx_word' id='word_1_248' title='bbox 796 2896 832 2957; x_wconf 90' lang='lat' dir='ltr'><strong>de</strong></span> <span class='ocrx_word' id='word_1_249' title='bbox 851 2899 982 2976; x_wconf 86' lang='lat' dir='ltr'><strong>expertis</strong></span> <span class='ocrx_word' id='word_1_250' title='bbox 1001 2898 1031 2956; x_wconf 91' lang='lat' dir='ltr'><strong>in</strong></span> <span class='ocrx_word' id='word_1_251' title='bbox 1050 2899 1199 2974; x_wconf 89' lang='lat' dir='ltr'><strong>praesenti</strong></span> <span class='ocrx_word' id='word_1_252' title='bbox 1212 2919 1237 2960; x_wconf 87' lang='lat' dir='ltr'><strong>so</strong></span> 
     </span>
    </p>
   </div>
   <div class='ocr_carea' id='block_1_3' title="bbox 183 3099 1274 3596">
    <p class='ocr_par' dir='ltr' id='par_1_3' title="bbox 183 3099 1274 3596">
     <span class='ocr_line' id='line_1_32' title="bbox 257 3099 1194 3175; baseline 0.005 -22"><span class='ocrx_word' id='word_1_253' title='bbox 257 3105 273 3153; x_wconf 88' lang='lat'><strong>3</strong></span> <span class='ocrx_word' id='word_1_254' title='bbox 293 3099 327 3154; x_wconf 90' lang='lat' dir='ltr'><strong>de</strong></span> <span class='ocrx_word' id='word_1_255' title='bbox 345 3100 394 3172; x_wconf 85' lang='lat' dir='ltr'><strong>iis]</strong></span> <span class='ocrx_word' id='word_1_256' title='bbox 419 3101 472 3154; x_wconf 89' lang='lat' dir='ltr'><strong>diis</strong></span> <span class='ocrx_word' id='word_1_257' title='bbox 492 3105 540 3155; x_wconf 76' lang='lat' dir='ltr'><strong>lm</strong></span> <span class='ocrx_word' id='word_1_258' title='bbox 559 3102 651 3156; x_wconf 82' lang='lat' dir='ltr'><strong>littero</strong></span> <span class='ocrx_word' id='word_1_259' title='bbox 668 3103 687 3154; x_wconf 94' lang='lat' dir='ltr'>h</span> <span class='ocrx_word' id='word_1_260' title='bbox 705 3117 792 3170; x_wconf 77' lang='lat' dir='ltr'><strong>supra</strong></span> <span class='ocrx_word' id='word_1_261' title='bbox 809 3103 921 3173; x_wconf 79' lang='lat' dir='ltr'><strong>scripto.</strong></span> <span class='ocrx_word' id='word_1_262' title='bbox 1019 3109 1034 3156; x_wconf 87' lang='lat'>6</span> <span class='ocrx_word' id='word_1_263' title='bbox 1053 3102 1194 3175; x_wconf 89' lang='lat' dir='ltr'><strong>idemque]</strong></span> 
     </span>
     <span class='ocr_line' id='line_1_33' title="bbox 186 3171 1195 3242; baseline 0.005 -16"><span class='ocrx_word' id='word_1_264' title='bbox 186 3175 214 3226; x_wconf 83' lang='lat' dir='ltr'><strong>eb</strong></span> <span class='ocrx_word' id='word_1_265' title='bbox 232 3171 261 3226; x_wconf 91' lang='lat' dir='ltr'><strong>in</strong></span> <span class='ocrx_word' id='word_1_266' title='bbox 281 3187 344 3240; x_wconf 91' lang='lat' dir='ltr'><strong>quo.</strong></span> <span class='ocrx_word' id='word_1_267' title='bbox 446 3171 594 3241; x_wconf 82' lang='lat' dir='ltr'><strong>dignibabis</strong></span> <span class='ocrx_word' id='word_1_268' title='bbox 617 3190 642 3226; x_wconf 84' lang='lat' dir='ltr'><strong>a.</strong></span> <span class='ocrx_word' id='word_1_269' title='bbox 660 3171 800 3228; x_wconf 77' lang='lat' dir='ltr'><strong>utilitatis.</strong></span> <span class='ocrx_word' id='word_1_270' title='bbox 899 3179 913 3228; x_wconf 78' lang='grc'><strong>7</strong></span> <span class='ocrx_word' id='word_1_271' title='bbox 932 3177 994 3242; x_wconf 73' lang='lat' dir='ltr'><strong>poet</strong></span> <span class='ocrx_word' id='word_1_272' title='bbox 1010 3172 1122 3228; x_wconf 83' lang='lat' dir='ltr'><strong>videtur</strong></span> <span class='ocrx_word' id='word_1_273' title='bbox 1140 3177 1195 3231; x_wconf 87' lang='lat' dir='ltr'><strong>cod.</strong></span> 
     </span>
     <span class='ocr_line' id='line_1_34' title="bbox 185 3242 1274 3316; baseline 0.002 -18"><span class='ocrx_word' id='word_1_274' title='bbox 185 3245 248 3298; x_wconf 85' lang='lat' dir='ltr'><strong>cdd.</strong></span> <span class='ocrx_word' id='word_1_275' title='bbox 268 3242 391 3312; x_wconf 79' lang='lat' dir='ltr'><strong>utilitas,</strong></span> <span class='ocrx_word' id='word_1_276' title='bbox 418 3243 568 3299; x_wconf 78' lang='lat' dir='ltr'><strong>Carnarius</strong></span> <span class='ocrx_word' id='word_1_277' title='bbox 586 3243 752 3311; x_wconf 81' lang='lat' dir='ltr'><strong>aequalitas.</strong></span> <span class='ocrx_word' id='word_1_278' title='bbox 856 3244 908 3316; x_wconf 86' lang='lat' dir='ltr'><strong>sic]</strong></span> <span class='ocrx_word' id='word_1_279' title='bbox 929 3243 986 3298; x_wconf 88' lang='lat' dir='ltr'><strong>sed.</strong></span> <span class='ocrx_word' id='word_1_280' title='bbox 1086 3246 1197 3300; x_wconf 82' lang='lat' dir='ltr'><strong>8voleb</strong></span> <span class='ocrx_word' id='word_1_281' title='bbox 1234 3305 1274 3316; x_wconf 23' lang='lat' dir='ltr'>NJ</span> 
     </span>
     <span class='ocr_line' id='line_1_35' title="bbox 186 3314 1274 3384; baseline 0.004 -15"><span class='ocrx_word' id='word_1_282' title='bbox 186 3320 236 3370; x_wconf 78' lang='lat' dir='ltr'><strong>tm</strong></span> <span class='ocrx_word' id='word_1_283' title='bbox 259 3314 319 3369; x_wconf 76' lang='lat' dir='ltr'><strong>rull</strong></span> <span class='ocrx_word' id='word_1_284' title='bbox 338 3321 397 3372; x_wconf 81' lang='lat' dir='ltr'><strong>2m.</strong></span> <span class='ocrx_word' id='word_1_285' title='bbox 521 3319 554 3369; x_wconf 82' lang='lat' dir='ltr'><strong>lb</strong></span> <span class='ocrx_word' id='word_1_286' title='bbox 576 3315 683 3369; x_wconf 88' lang='lat' dir='ltr'><strong>medios</strong></span> <span class='ocrx_word' id='word_1_287' title='bbox 706 3315 795 3382; x_wconf 83' lang='lat' dir='ltr'><strong>fidioe.</strong></span> <span class='ocrx_word' id='word_1_288' title='bbox 914 3321 947 3369; x_wconf 84' lang='lat'><strong>18</strong></span> <span class='ocrx_word' id='word_1_289' title='bbox 973 3314 1131 3384; x_wconf 84' lang='lat' dir='ltr'><strong>reciperare</strong></span> <span class='ocrx_word' id='word_1_290' title='bbox 1151 3322 1196 3372; x_wconf 79' lang='lat' dir='ltr'><strong>lm</strong></span> <span class='ocrx_word' id='word_1_291' title='bbox 1273 3323 1274 3364; x_wconf 78' lang='lat' dir='ltr'><strong>t</strong></span> 
     </span>
     <span class='ocr_line' id='line_1_36' title="bbox 183 3385 1197 3528; baseline 0.006 -20"><span class='ocrx_word' id='word_1_292' title='bbox 183 3393 462 3512; x_wconf 44' lang='lat' dir='ltr'><strong>iioiriiiiiiriiuiiim</strong></span> <span class='ocrx_word' id='word_1_293' title='bbox 484 3385 806 3513; x_wconf 59' lang='lat' dir='ltr'><strong>insliiiinitieleiuuiinem</strong></span> <span class='ocrx_word' id='word_1_294' title='bbox 826 3385 1197 3528; x_wconf 37' lang='lat' dir='ltr'><strong>civitemvalitwiieiqluii&#39;ii</strong></span> 
     </span>
     <span class='ocr_line' id='line_1_37' title="bbox 184 3534 333 3596; baseline 0.034 -16"><span class='ocrx_word' id='word_1_295' title='bbox 184 3543 256 3596; x_wconf 86' lang='lat' dir='ltr'><strong>quae</strong></span> <span class='ocrx_word' id='word_1_296' title='bbox 274 3534 333 3585; x_wconf 81' lang='lat' dir='ltr'><strong>2m.</strong></span> 
     </span>
    </p>
   </div>
   <div class='ocr_carea' id='block_1_4' title="bbox 0 0 1322 3790">
    <p class='ocr_par' dir='ltr' id='par_1_4' title="bbox 0 0 1322 3790">
     <span class='ocr_line' id='line_1_38' title="bbox 0 0 1322 3790; baseline 0 1"><span class='ocrx_word' id='word_1_297' title='bbox 0 0 1322 3790; x_wconf 95' lang='lat' dir='ltr'><strong> </strong></span> 
     </span>
    </p>
   </div>
  </div>
 </body>
</html>
