2564 3794
537 137 776 202 -154-

152 297 258 361 deinde
282 318 413 380 crocum,
436 307 540 378 postea
564 300 722 382 altercum,
745 301 814 362 dein
836 319 936 380 myrra
959 308 989 361 et
1012 307 1074 381 tus3
1098 301 1166 379 qui-

151 389 209 450 bus
223 390 379 449 'miscetur
406 391 506 468 opium
535 390 631 468 pridie
659 392 690 449 in
719 407 794 469 aqua
822 397 1004 450 maceratum
1034 395 1065 449 ct
1093 387 1166 448 sub-

151 478 221 538 inde
244 495 336 556 aquae
360 479 499 556 exiguum
523 478 663 559 adicitur,
694 478 788 538 donec
816 479 896 557 tingi.
914 477 1024 557 pastilli
1046 479 1166 556 possint

151 567 188 626 ad
211 565 327 644 pondus
350 566 465 626 denarii
488 569 633 645 semissis,
661 566 731 627 licet
756 566 807 626 alii
828 568 917 627 tertia
940 566 1029 627 buius
1051 565 1165 644 ponde·

151 657 194 714 ris
217 655 349 715 detracta
372 655 481 715 faciant
502 654 645 734 pastillos.
690 655 804 716 Dantur
827 657 859 715 in
882 662 1002 716 noctem
1024 673 1061 715 ex
1086 673 1193 734 aquas

151 742 265 823 cyathis
292 743 404 823 tribus,
433 761 570 804 somnum
598 744 724 824 iaciunt,
752 743 885 804 dolorem
907 761 1026 804 omnem
1049 743 1164 823 sedant,

150 839 184 894 ut
214 833 353 912 superius
381 831 450 892 dixi.
496 831 622 912 Oportet
649 841 746 894 autem
775 851 811 893 ex
839 851 874 892 eo
903 834 992 894 etiam
1018 834 1165 912 catapotia

150 921 228 1002 tieri3
257 919 376 1000 quidam
403 923 482 981 enim
506 920 621 982 facilius
645 940 679 982 ea
703 939 791 1001 quam
814 923 963 1000 potionem
988 929 1111 982 sumunt
1133 928 1165 982 et

151 1027 211 1068 non
233 1009 359 1069 multum
383 1009 418 1070 ad
443 1009 621 1072 medendum
644 1012 778 1071 interest.
1050 1019 1054 1031 ’

115 1109 132 1156 2
240 1096 435 1177 Catapotium,
459 1097 487 1158 id
507 1107 553 1158 est
570 1099 829 1180 medicamentum,
852 1098 931 1177 qurod
949 1117 1010 1158 non
1029 1097 1164 1176 diluitur,
1179 1119 1208 1159 ro

151 1183 203 1243 sed
227 1186 268 1244 ita
291 1194 325 1244 nt
347 1193 393 1245 est
415 1194 546 1264 voratur,
569 1186 605 1246 ad
628 1188 744 1266 tussim,
768 1206 836 1248 cum
856 1190 919 1247 sinc
943 1185 1030 1248 modo
1050 1185 1164 1266 delluit,

151 1271 308 1332 conficitur
331 1274 387 1333 sic:
411 1272 498 1335 Croci
520 1273 611 1352 lllll,
635 1293 750 1354 myrrae
770 1274 845 1356 llll,
868 1277 919 1354 opi
937 1274 962 1336 Χ
977 1275 998 1336 Ι.
1032 1273 1163 1336 Contun-

150 1359 231 1418 ditur
255 1378 376 1420 crocum
400 1363 512 1421 siccum
540 1370 570 1422 et
597 1361 759 1444 cribratur,
788 1373 930 1424 contusae
958 1371 989 1424 ct
1015 1363 1163 1424 cribratae

150 1465 266 1526 myrrae
294 1450 396 1528 opium
428 1449 609 1512 admiscetur
641 1469 717 1529 aqua
749 1453 854 1530 exigua
886 1451 1026 1534 dilutum;
1058 1459 1164 1532 postca

150 1535 278 1597 adicitur
300 1555 422 1598 crocum
446 1546 476 1599 et
499 1557 566 1600 oum
590 1542 621 1599 in
644 1558 737 1600 unum
760 1542 858 1600 omnia
877 1539 953 1601 bene
972 1543 1062 1601 mixta
1082 1549 1207 1620 sunt,1o

149 1625 303 1704 tinguntur
316 1629 379 1686 ervi
393 1627 605 1706 magnitudinis
620 1627 742 1709 pilulae;
757 1628 866 1690 dautur
880 1631 911 1689 in
924 1636 1044 1690 noctem
1058 1637 1164 1690 ternas

149 1713 195 1773 vel
223 1723 384 1793 quaternae
413 1723 443 1776 et
470 1717 496 1776 si
524 1719 620 1776 siccae
647 1735 707 1776 uon
735 1719 888 1795 potuerint
918 1719 1094 1798 transmitti,
1124 1735 1163 1777 er

150 1819 225 1881 aqua
248 1802 341 1863 calida
365 1804 481 1864 modica
503 1803 654 1865 dabuntur
678 1814 708 1865 et
731 1805 940 1866 formabuntur
963 1823 999 1865 ex
1022 1824 1107 1884 aqua.

113 1905 130 1952 3
239 1889 424 1970 Catapotium
451 1892 578 1953 alterum
606 1893 641 1953 ad
669 1895 775 1954 tussim
803 1894 915 1954 aridam
943 1895 1000 1954 sic:
1036 1893 1162 1974 Myrrae,

148 1980 271 2059 piperis,
294 1983 431 2061 castorei,
455 1981 584 2062 galbani,
608 1984 747 2062 storacis,
771 1983 846 2060 opii,
870 1982 1056 2060 singulorum
1079 1981 1161 2042 idem
1175 1999 1204 2040 ao

148 2067 299 2146 ponderis.
334 2068 509 2130 Castoreum
532 2080 562 2130 et
584 2073 670 2148 piper
688 2070 915 2131 contunduntur
932 2079 962 2131 et
980 2070 1161 2151 cribrantur,

149 2155 256 2216 deinde
284 2175 384 2237 myrra
411 2165 480 2218 ante
508 2159 636 2218 contrita
663 2160 771 2220 ceteris
799 2161 932 2220 contusis
961 2167 992 2220 ct
1022 2158 1161 2219 cribratis

149 2244 343 2326 admiscetur3
366 2244 419 2306 ubi
441 2247 573 2306 omnium
597 2248 695 2306 unitas
718 2247 795 2307 lacta
818 2254 872 2328 est,
895 2247 1062 2310 formantur
1084 2247 1162 2326 pilu·

148 2331 194 2390 lae
217 2350 253 2391 ex
276 2351 352 2412 aqua
370 2335 462 2394 viciae
484 2334 709 2416 magnitudinis3
733 2335 841 2396 dantur
860 2355 928 2396 cum
947 2335 1047 2397 caldae
1067 2354 1161 2416 aquae

149 2419 265 2480 modico
288 2428 391 2481 ternae
415 2422 460 2482 vel
485 2431 646 2501 quaternae
669 2425 700 2483 in
724 2433 852 2504 noctem,
876 2423 928 2484 sed
951 2425 1084 2504 digestis.
1176 2442 1204 2484 ss

112 2522 130 2569 4
238 2508 324 2570 titud
348 2513 527 2589 catapotium
551 2511 587 2571 ad
611 2513 717 2572 tussim
740 2520 880 2592 veterem,
906 2513 986 2592 quod
1009 2521 1040 2574 et
1063 2515 1160 2591 suspi-

149 2598 194 2656 rio
218 2605 248 2657 et
270 2598 362 2676 pthisi
383 2606 544 2678 temptatos
567 2608 597 2660 ct
620 2600 749 2661 lienosos
772 2609 803 2662 et
819 2603 905 2662 iecur
922 2602 1031 2662 durum
1050 2601 1160 2662 baben-

148 2693 195 2745 tes
214 2695 305 2766 sanat,
324 2686 403 2748 idem
421 2687 603 2749 inflationem
622 2688 699 2750 tollit
718 2698 748 2749 et
766 2698 873 2769 purgat
890 2689 1046 2751 mulierem
1061 2693 1087 2751 si
1102 2709 1161 2768 qua

148 2791 185 2833 cx
207 2783 295 2852 partu
319 2775 438 2836 sordida
461 2776 636 2856 resederint,
660 2778 818 2839 conficitur
841 2781 897 2839 sic:
922 2778 1053 2840 Storacis
1072 2777 1160 2858 XVI,

149 2881 266 2940 myrrae
281 2863 347 2923 llll
362 2863 391 2946 S,
410 2867 589 2944 opopanacis
603 2865 629 2925 ii
644 2864 676 2944 V,
691 2868 807 2927 resinae
822 2866 1041 2928 terebinthinae
1055 2865 1081 2926 ll
1096 2866 1160 2947 llll,
1175 2887 1203 2926 co

148 2950 252 3011 alteroi
276 2954 399 3012 seminis
422 2953 447 3014 x
467 2953 493 3033 l,
521 2955 576 3014 iris
599 2953 732 3034 lllyricae
756 2953 826 3035 ai,
855 2958 927 3016 nitri
950 2955 1019 3037 ill,
1046 2957 1161 3036 piperis

148 3035 207 3098 albi
230 3039 314 3121 llll,
342 3041 458 3120 galbani
481 3041 565 3124 llll,
593 3046 642 3122 opi
671 3041 735 3104 xi.
781 3043 865 3124 lrim,
893 3043 1051 3124 altercum,
1074 3047 1162 3124 piper

148 3129 332 3189 contundere
356 3138 385 3190 te
409 3138 527 3208 oportet
546 3138 577 3191 et
595 3131 737 3212 cribrare,
758 3133 872 3192 nitrum
890 3134 1033 3193 mortario
1052 3142 1161 3212 terere,

148 3223 247 3276 cetera
275 3217 334 3296 pilo
363 3221 564 3279 comminuere
597 3228 627 3280 ct
654 3227 757 3298 postea
785 3223 883 3280 omnia
914 3223 1095 3298 permiscere
1126 3240 1161 3282 ac

219 3356 254 3405 20
272 3353 418 3409 storachis.
481 3359 515 3408 21
535 3353 679 3410 cribratur.
739 3359 774 3409 2⁵1
792 3354 972 3424 temperatos.
1027 3354 1161 3413 lienosos.

146 3423 378 3552 {phmgpripzerrpwc
396 3424 537 3481 Scribens
554 3425 711 3481 mulierum.
772 3429 807 3479 30
824 3425 1020 3481 terebintinae.
1076 3431 1111 3481 33
1130 3431 1162 3483 te
