2564 3794
548 121 769 185 ..90-

155 289 265 346 simum
287 284 408 346 redacta
431 302 506 363 aqua
530 283 651 362 pluviali
673 283 794 362 eolbges
820 290 850 343 et
873 282 992 363 collyria
1015 285 1085 344 inde
1108 286 1166 344 ior-

103 374 262 454 195mabis,
286 391 361 453 quae
380 374 411 432 in
431 372 536 433 umbra
555 375 713 433 siccentur.
749 369 910 450 Collyrium
928 375 1047 434 nomine
1066 391 1166 433 mone-

155 481 259 524 meron
283 462 354 522 facit
377 461 413 522 ad
436 463 566 539 impetus
588 460 775 539 lippitudinis
798 478 835 520 ex
858 478 912 519 ovo
936 463 1102 542 inunctum,
1125 463 1165 522 ita

154 560 188 614 ut
207 569 276 612 cum
295 552 342 610 ori
362 549 559 629 liquidissimo
578 551 734 609 inunxeris
751 548 934 628 lippientem,
957 549 1099 629 pusillum
1118 569 1166 617 su.-

154 643 263 701 stineat
290 645 321 700 et
348 641 457 700 iterum
485 656 553 698 eum
581 638 742 718 inungues;
770 655 859 715 quem
885 655 953 698 cum
977 637 1023 702 bis
1046 645 1098 698 aut
1120 647 1193 705 oere

154 730 324 808 inunxeris,
347 727 450 789 eadem
473 726 520 786 die
543 725 660 787 iubebis
683 724 783 786 lavari.
828 723 891 786 Hoc
919 725 1074 806 collyrium
1097 726 1167 787 lacit

155 818 191 878 ad
215 816 433 878 scabritudines
457 824 486 876 et
509 813 657 875 diatbeses
681 813 824 874 tollendas
848 832 883 873 ex
907 831 982 892 aqua
1001 817 1167 895 inunctum,

154 907 263 984 recipit
282 912 381 965 autem
400 904 487 964 haee:
509 902 629 982 Lapidis
652 903 819 962 haematitis
838 899 864 960 Χ
882 900 944 982 Xll,
962 903 1167 981 pompholygis

154 994 181 1054 Χ
200 993 263 1073 ΧΠ,
287 995 369 1054 croci
391 991 417 1052 Χ
436 990 498 1072 XII,
521 1009 637 1071 myrrae
662 989 687 1050 Χ
707 989 769 1070 llll,
793 992 870 1050 aeris
894 992 955 1051 usti
973 989 999 1050 Χ
1015 990 1059 1072 Vl,
1081 991 1167 1050 nardi

156 1083 269 1161 Syriaci
291 1080 317 1140 Χ
337 1079 399 1161 ΧΗ,
421 1082 535 1160 piperis
558 1079 617 1139 albi
640 1097 730 1158 grana
753 1077 816 1160 XX,
839 1080 901 1157 opii
924 1078 949 1138 Χ
969 1077 1015 1159 Vl,
1039 1081 1167 1158 gummis
1185 1097 1212 1136 1o

155 1169 181 1229 Χ
200 1169 286 1230 Vllll.
323 1168 403 1228 llaec
427 1170 565 1228 universa
587 1169 619 1227 in
642 1167 796 1246 pulverem
817 1169 1026 1228 tenuissimum
1048 1167 1168 1227 redacta

155 1267 258 1336 postea
276 1276 344 1317 cum
364 1256 489 1316 Falerno
508 1258 576 1316 vino
595 1263 733 1316 conteres
747 1265 835 1334 atque
850 1256 920 1316 inde
934 1255 1054 1335 collyria
1069 1255 1168 1335 facien,

103 1355 153 1404 196
161 1365 236 1426 quae
255 1345 307 1406 diu
321 1347 352 1404 in
368 1344 473 1405 umbra
487 1345 647 1404 siccentur.
677 1343 838 1422 Collyrium
852 1344 899 1404 dia
913 1343 1034 1404 libanon
1048 1344 1085 1404 ad
1099 1362 1168 1424 sup-

155 1436 328 1514 purationes
347 1432 502 1494 oculorum
521 1433 680 1494 coniicitur
699 1434 755 1492 sie:
779 1425 916 1493 Cadmiae
935 1432 961 1492 Χ
981 1432 1010 1515 8,
1029 1442 1169 1494 cerussae

155 1522 239 1603 ΧΠ,
263 1524 324 1600 opii
346 1521 372 1581 Χ
391 1521 418 1602 l,
441 1523 569 1600 gummis
592 1520 617 1580 Χ
638 1521 671 1602 8,
694 1538 780 1580 rosae
804 1522 901 1580 siccae
924 1520 950 1580 Χ
969 1519 990 1601 Ι,
1014 1523 1169 1600 gentianae
1186 1537 1211 1578 ra

155 1610 181 1670 Χ
201 1611 235 1691 8,
258 1609 411 1689 pulverem
429 1611 637 1670 tenuissimum
661 1627 697 1669 ex
720 1609 768 1669 bis
791 1609 902 1669 lactum
923 1628 992 1670 erun
1011 1628 1087 1689 aqua
1105 1609 1169 1688 plu·

103 1708 153 1757 197
161 1700 228 1760 riali
255 1707 334 1760 teres
363 1705 393 1758 et
418 1699 458 1758 ita
482 1697 602 1777 collyria
626 1698 723 1777 qualia
745 1697 875 1758 volueris
898 1698 1031 1778 effinges.
1076 1697 1169 1777 Colly-

156 1790 235 1849 rium
259 1787 306 1848 dia
329 1786 444 1866 lepidos
467 1788 574 1866 accipit
596 1786 683 1846 haee:
716 1784 804 1846 Cruci
827 1785 938 1866 ΧΙΙΙΙ,
962 1789 1061 1865 spicae
1084 1787 1170 1846 nardi

156 1876 183 1936 Χ
202 1876 238 1956 V,
261 1876 393 1936 cadmiae
416 1875 442 1935 Χ
461 1875 474 1935 Ι
494 1875 527 1954 8,
554 1874 762 1935 haematitidos
785 1873 811 1934 Χ
830 1874 855 1955 l,
883 1877 996 1954 piperis
1024 1893 1114 1953 grana
1137 1874 1170 1954 V,

157 1983 273 2045 myrrae
293 1963 319 2026 Χ
337 1963 358 2046 Ι,
377 1966 454 2024 aeris
474 1965 535 2024 usti
553 1963 578 2023 Χ
598 1963 627 2044 8,
646 1963 760 2040 lepidae
780 1962 842 2043 ΧΙ,
860 1964 989 2041 gummis
1003 1962 1029 2022 Χ
1043 1962 1065 2041 Ι,
1083 1981 1169 2024 rosae
1185 1981 1211 2020 ao
1263 1955 1264 1978 l

157 2053 259 2116 viridis
283 2052 421 2114 loliorum
444 2061 638 2131 purgatorum
661 2050 744 2131 ΧΗ,
767 2051 849 2132 haec,
873 2058 907 2111 ut
930 2069 1020 2128 supra
1043 2049 1080 2109 de
1104 2051 1170 2112 aliis

156 2142 287 2220 collyriis
316 2143 461 2219 scriptum
490 2148 548 2218 est,
577 2142 647 2201 trita
675 2158 749 2219 aqua
778 2138 899 2217 pluviali
926 2137 1047 2216 subiges
1071 2145 1102 2199 et
1128 2141 1170 2200 ita

105 2229 282 2307 198collyria
306 2229 456 2290 formabis.
486 2227 646 2308 Collyrium
665 2229 701 2288 ad
719 2227 913 2306 lippitudines
937 2235 967 2287 et
985 2228 1097 2304 primos
1116 2229 1170 2288 im·

157 2325 245 2396 petus
268 2316 423 2376 oculorum
441 2318 598 2377 coniicitur
617 2319 673 2376 sie:
696 2316 820 2376 Acaciae
838 2314 864 2374 Χ
882 2313 918 2396 Χ,
941 2315 1071 2375 cadmiae
1091 2334 1170 2376 com·

157 2405 261 2464 bustae
286 2410 316 2464 et
339 2403 376 2464 de
399 2403 475 2465 lacte
499 2423 630 2483 capruno
650 2411 701 2465 aut
718 2403 866 2485 muliebri,
890 2403 969 2482 quod
988 2402 1095 2464 melius
1115 2415 1170 2484 est,
1186 2425 1212 2466 ra

157 2495 305 2553 extinctae
329 2499 359 2552 et
380 2499 486 2553 tunsae
510 2501 540 2554 et
558 2493 705 2555 cribratae
725 2501 755 2553 et
773 2491 850 2552 lotae
870 2492 955 2572 bene,
978 2491 1073 2552 donec
1094 2511 1171 2571 aqua

158 2583 222 2641 eius
245 2579 366 2659 limpida
389 2582 437 2660 sit,
460 2580 485 2640 Χ
505 2579 539 2643 X.
577 2581 640 2642 Hoc
664 2599 783 2661 quoque
806 2579 927 2659 pluviali
949 2598 1025 2659 aqua
1049 2579 1171 2659 colliges

105 2675 193 2730 latet
215 2671 256 2729 ita
279 2667 399 2748 collyria
422 2668 572 2730 formabis.
609 2669 770 2748 Collyrium
793 2669 841 2730 dia
859 2671 977 2750 misyos,
1001 2667 1081 2748 quod
1100 2669 1173 2730 lacit

158 2758 194 2818 ad
222 2757 424 2837 aspritudines
452 2757 607 2818 oculorum
634 2757 779 2819 tollendas
811 2766 841 2819 et
869 2757 904 2818 ad
932 2757 1069 2818 lacrimas
1102 2758 1171 2819 sub-

157 2846 355 2924 stringendas,
380 2848 558 2925 conponitur
577 2847 633 2906 sio:
656 2845 731 2925 Misy
750 2846 899 2907 conbures
917 2845 973 2906 boc
994 2863 1087 2927 more,
1110 2850 1170 2906 coi·
1187 2867 1214 2908 co

157 2937 220 2996 cies
248 2934 320 2996 illud
349 2936 379 2995 in
405 2934 568 3014 pultarium
591 2941 621 2994 et
644 2934 786 3012 purgabis
810 2943 839 2996 et
862 2937 894 2994 in
917 2935 1039 2995 furnum
1061 2936 1172 3015 mittes,

158 3030 275 3085 uttam
299 3023 351 3084 diu
374 3031 529 3103 coquatur,
553 3023 647 3084 donec
672 3023 711 3083 sit
735 3025 938 3101 sanguineum.
980 3021 1076 3082 Huius
1099 3041 1171 3102 ergo

159 3111 236 3194 XV,
265 3115 363 3191 spicae
391 3112 477 3173 nardi
500 3111 581 3193 XV,
609 3113 690 3172 croci
719 3110 802 3191 llll,
830 3111 961 3172 cadmiae
985 3109 1011 3171 Χ
1031 3109 1065 3192 8,
1093 3114 1172 3172 aeris

159 3203 221 3262 usti
244 3201 269 3260 Χ
289 3201 323 3284 8,
351 3203 412 3282 opii
440 3200 519 3281 Χ8,
546 3219 662 3280 myrrae
691 3199 770 3280 Χ8,
798 3198 913 3277 lepidae
943 3198 1068 3278 Cypriae
1096 3198 1171 3281 Χ8,

229 3405 432 3475 maumetis,
447 3407 509 3461 item
524 3412 547 3460 6.
591 3404 766 3460 ldiathesis.
813 3409 845 3458 ta
861 3403 1027 3462 dialibanos.
1071 3410 1105 3460 28
1120 3405 1172 3461 mi·

158 3473 223 3541 aios,
241 3477 305 3532 item
323 3484 366 3532 30.
438 3481 472 3530 32
491 3477 524 3531 ut
541 3491 592 3532 om.
666 3482 699 3530 33
718 3473 791 3530 aeris
809 3475 867 3528 usti
887 3473 914 3528 Χ
933 3475 951 3530 8
970 3492 1021 3533 om.
