2540 3802
532 90 771 155 -218-

93 265 143 314 138
235 250 344 312 Sabuci
366 251 442 311 liber
465 253 543 312 inter
567 254 710 312 corticem
731 259 761 312 et
780 251 933 314 surculum
952 270 1037 312 rasus
1056 259 1087 312 et
1105 255 1162 314 tri·

101 379 103 386 ·
145 349 194 400 tus
222 349 310 419 atque
339 340 374 400 ad
402 342 488 400 nucis
516 339 664 418 iuglandis
693 341 925 419 magnitudinem
954 359 990 402 ex
1013 359 1089 418 aqua
1112 340 1161 400 vel

144 429 240 490 mulso
263 435 354 507 potus
378 431 453 488 miro
477 429 564 488 modo
588 429 717 489 detrahit
740 429 829 490 bilem
853 448 887 490 au
908 428 1093 490 stomachum
1113 447 1160 490 re·

94 529 143 578 139
151 517 234 578 levat.
267 516 438 578 Vettouiuae
461 516 571 577 herbae
595 517 664 578 lolia
686 520 717 577 in
737 517 842 578 umbra
860 518 988 578 arelacta
1007 517 1160 578 contunde

147 614 175 666 et
200 605 292 666 cribla
316 614 404 684 atque
429 624 465 665 ex
489 624 523 665 eo
547 605 668 684 pulvere
692 606 845 685 paululum
869 615 899 666 et
921 605 1017 665 mellis
1042 606 1191 670 decoctio

147 696 285 774 cyathum
307 713 399 755 unum
424 696 572 772 permisce
591 703 678 772 atque
697 695 766 754 inde
785 703 853 773 post
871 693 1029 754 cenam‘ad
1050 697 1163 772 magni·

146 783 279 844 tudinem
295 785 401 842 ciceris
415 781 697 860 transgluttiendum
712 782 796 843 dabis
811 785 847 862 ei,
862 785 914 861 qui
928 783 1028 844 cibum
1043 785 1162 864 evomit,

96 874 254 934 ttustatim'
279 879 379 950 potest
407 873 569 932 continere.
616 871 755 932 Radicem
781 871 937 931 ficulneam
966 873 1028 932 vini
1050 874 1162 932 veteris

147 961 251 1038 cyatho
279 978 338 1020 uno
367 959 469 1020 inrade
498 968 528 1020 et
555 961 727 1038 priusquam
757 979 846 1020 cenes
874 959 920 1020 vel
943 959 1077 1021 cubitum
1102 977 1163 1042 eas,

97 1047 255 1128 ltlbibito,
280 1050 306 1107 si
328 1050 400 1108 vitio
425 1047 569 1108 stomachi
592 1047 748 1108 laborabis,
784 1048 902 1110 Laseris
923 1051 987 1108 veri
1010 1048 1162 1110 modicum
1178 1069 1208 1110 ιο

149 1155 185 1195 ex
204 1155 297 1214 aquae
317 1137 440 1213 frIgidae
459 1136 573 1214 cyathis
588 1145 728 1214 quattuor
742 1136 822 1198 dilue
838 1147 867 1198 et
881 1137 1042 1198 dormitum
1061 1139 1162 1198 iturus

147 1223 225 1304 bibe,
248 1233 282 1283 ut
305 1223 406 1282 cibum
428 1223 504 1282 berre
527 1242 704 1305 concoquas,
727 1234 778 1285 aut
801 1229 865 1286 eius
889 1226 1019 1286 radicem
1042 1233 1162 1304 gustato

95 1311 312 1371 tardormitum
337 1311 459 1392 vadens,
482 1311 561 1370 idem
586 1311 642 1372 tibi
663 1313 834 1391 praestabit.
880 1313 989 1374 liorem
1012 1316 1163 1374 marinum

147 1401 266 1459 ieiunus
294 1399 519 1460 comnranducet
547 1408 597 1460 aut
624 1403 656 1460 in
684 1418 759 1479 aqua
783 1401 876 1462 calida
900 1413 1055 1464 excoctum
1078 1402 1163 1464 bibat

148 1489 200 1566 qui
222 1488 399 1549 cruditatem
422 1490 560 1568 patietur,
585 1491 683 1550 statim
708 1490 929 1551 remediabitur.
1176 1509 1203 1550 15

96 1589 146 1637 143
238 1577 408 1655 Conpositio
431 1579 561 1656 potionis
580 1579 616 1638 ad
638 1578 770 1638 dolorem
789 1579 934 1640 stomachi
953 1582 1014 1640 sire
1033 1579 1069 1639 ad
1089 1597 1162 1640 nau·

148 1684 227 1726 seam
251 1666 470 1744 reprimendam
495 1668 550 1728 sic:
578 1666 694 1727 llerbae
715 1668 942 1749 mandragorae,
967 1687 1041 1746 quae
1065 1671 1162 1728 nasci·

147 1763 198 1814 tur
225 1757 257 1814 in
278 1753 352 1814 locis
377 1757 538 1836 montanis,
567 1774 658 1816 sucus
681 1774 840 1835 expressus
864 1757 899 1817 ad
923 1757 1065 1835 ponderis
1089 1759 1163 1817 scri-

147 1842 251 1921 pulum
279 1843 435 1904 dimidium
458 1853 636 1924 potatusque
660 1863 696 1904 cx
720 1862 795 1923 aqua
818 1845 911 1905 calida
934 1845 981 1906 rel
1004 1863 1040 1904 ex
1065 1845 1163 1906 mulsa

147 1949 287 1992 nauseam
311 1931 438 2012 expellit,
463 1932 673 1993 abundantiam
696 1933 872 2012 phlegmatis
890 1941 998 2012 purgat
1016 1934 1162 2012 sedatque
1177 1955 1203 1996 ao

148 2019 279 2080 dolorem
304 2021 449 2080 stomachi
476 2030 506 2080 et
529 2021 680 2082 fastidium
708 2021 843 2102 discutit3
871 2023 949 2082 ultra
976 2022 1033 2083 hoc
1061 2031 1163 2083 autem

147 2109 264 2187 pondus
284 2127 321 2167 ne
340 2109 467 2187 dederiS,
487 2111 555 2187 quia
575 2109 686 2170 nullius
705 2111 875 2170 stomachus
895 2113 952 2171 vim
970 2113 1035 2171 eius
1049 2113 1164 2188 poterit

95 2199 310 2258 tttsustinere.
348 2195 484 2256 Puleium
508 2215 575 2256 cum
600 2197 726 2276 oxymeli
749 2199 906 2260 decoctum
929 2200 964 2260 ad
989 2217 1164 2260 mensuram

148 2285 282 2344 heminae
306 2284 487 2362 tepefactum
505 2286 605 2346 ieiuno
626 2293 655 2346 et
674 2287 788 2364 digesto
808 2287 891 2348 dabis
910 2287 1081 2362 bibendum,
1100 2307 1162 2348 nun

148 2372 242 2432 solum
267 2372 452 2432 stomachum
474 2374 605 2456 reficies,
634 2375 686 2435 sed
710 2377 799 2436 etiam
823 2379 848 2437 si
871 2379 949 2438 circa
972 2395 1024 2436 cor
1048 2377 1162 2456 aliquid
1178 2398 1209 2439 aa

148 2463 205 2521 erit
227 2462 301 2540 vitii,
324 2460 426 2520 eadam
449 2463 567 2540 potione
592 2463 753 2524 sanabitur.

95 2561 145 2610 145
235 2549 279 2608 ad
299 2549 484 2609 stomachum
503 2552 740 2629 componendum
760 2554 854 2614 uteris
873 2553 1005 2614 remedio
1022 2552 1074 2613 tali
1088 2555 1163 2614 satis

148 2637 316 2696 commodo:
340 2635 460 2718 liutam,
483 2641 596 2720 apium,
620 2641 769 2721 anethum,
794 2643 944 2720 cyminum
967 2643 1069 2720 aequis
1092 2659 1163 2719 por-

148 2725 280 2786 tionibus
304 2743 415 2802 coques
438 2746 507 2787 cum
529 2730 590 2788 vini
613 2732 722 2790 veteris
746 2731 883 2790 sextariis
907 2729 1031 2810 duobus,
1057 2737 1163 2808 postea

148 2813 238 2874 addes
258 2814 315 2874 olei
334 2817 426 2874 amari
444 2813 503 2876 al
526 2824 556 2876 et
574 2819 683 2878 iterum
703 2836 815 2897 coques
833 2818 879 2878 vel
897 2817 1077 2897 aliquamdiu
1092 2837 1163 2878 con·
1178 2838 1208 2878 ao

148 2902 255 2963 bullire
274 2903 430 2980 permittes
449 2913 537 2983 atque
556 2906 625 2966 inde
640 2925 709 2966 cum
724 2915 886 2985 utcumque
901 2907 1040 2966 residerit
1053 2906 1164 2988 fervor,
1268 2975 1269 2978 Ἴ

148 3009 202 3069 per
230 2990 382 3069 globulum
410 2990 493 3052 lanae
521 2993 640 3054 sucidae
669 2995 820 3056 stomacho
849 2995 929 3073 quod
959 2995 1086 3056 sufficiat
1117 2997 1163 3056 in-

148 3078 264 3160 fundes,
283 3081 325 3140 ita
345 3088 377 3140 ut
394 3089 498 3159 postea
517 3081 627 3142 densus
646 3083 729 3144 lanae
743 3083 855 3145 lloccus
870 3101 960 3162 supra
975 3083 1164 3144 stomachum

237 3239 253 3288 2
272 3233 363 3301 adque
380 3235 438 3359 gaio
460 3239 492 3288 ut
514 3237 680 3305 saepissime)
702 3235 747 3290 cd.
821 3242 837 3291 8
857 3243 922 3305 post
944 3236 1041 3290 statim
1058 3252 1164 3291 rasura

148 3309 194 3360 eat.
277 3305 361 3360 duni
402 3308 540 3361 canarius.
620 3313 652 3360 10
671 3307 743 3378 veri]
765 3306 829 3361 vivi.
909 3313 942 3360 12
961 3309 1011 3361 aut
1029 3306 1088 3361 eius
1108 3323 1164 3364 om.

148 3380 182 3428 20
200 3374 423 3431 habundantiam
445 3376 624 3446 phleumatis.
685 3383 719 3432 23
735 3376 849 3430 oximeli
863 3377 980 3432 decocti.
1033 3382 1068 3430 24
1082 3379 1164 3446 tepe-

148 3444 249 3500 factae.
321 3452 354 3500 31
374 3447 512 3502 resederit
532 3449 692 3505 Cosconius.
765 3447 866 3502 ferbor.
