2518 3806
466 135 706 200 -351-

77 292 245 355 involutum
273 297 304 354 in
331 297 457 356 ventrali
484 304 596 378 gestes3
627 297 760 358 dolorem
788 315 848 358 non
875 301 997 378 patieris
1025 303 1090 360 eius

77 381 146 462 loci,
170 383 207 442 de
231 401 289 462 quo
311 384 404 445 fuerit
427 383 538 464 aliquid
562 386 711 448 eductum.

168 470 234 532 blus
248 471 416 552 degluptns
440 481 469 534 et
492 492 546 554 per
569 476 700 536 medium
720 485 857 538 exsectus
876 475 1087 556 adpositusque
1107 489 1142 540 35

78 562 191 637 omnia,
215 579 289 640 quae
312 561 495 622 inhaeserint
518 565 645 645 corpori,
668 563 752 624 facile
776 564 923 642 producit.
965 563 1088 626 Crustae
1107 579 1143 628 34

47 648 126 710 orel
153 667 221 710 ossa
248 651 397 728 sepiarum
426 651 634 713 conburuntur
657 654 792 732 cinisque
816 671 918 713 earum
940 655 1089 732 inpositus

79 738 188 818 educit,
208 756 412 818 quaecumque
432 743 551 819 corpori
569 741 761 804 inhaeserint.
783 741 881 802 Alium
896 740 1006 802 elixum
1021 760 1089 802 oum
1108 756 1141 804 37

78 829 145 906 pice
168 829 331 905 inpositum
355 828 515 889 arundines
540 829 667 890 extrahit
690 832 810 908 corpori
832 830 950 891 adfixas.
987 829 1089 890 Filiois
1108 843 1142 893 38

79 916 163 976 radix
191 917 260 977 trita
289 917 464 978 arundinem
492 918 633 999 extrahit,
665 937 786 979 rursum
818 919 974 980 arundinis
1006 919 1089 978 radix

78 1012 166 1065 tunsa
185 1007 372 1084 inpositaque
391 1005 508 1087 filicem,
530 1025 605 1086 quae
625 1009 745 1086 corpori
763 1006 937 1087 inhaeserit,
952 1007 1093 1068 celatim

30 1109 63 1150 xo
79 1093 220 1154 extrudit.
266 1093 400 1154 herilolii
427 1095 512 1154 radix
545 1097 673 1164 canania
704 1097 891 1174 inpositaque
924 1095 983 1176 his,
1014 1113 1089 1173 quae
1108 1109 1141 1158 39

78 1183 199 1260 corpori
219 1181 415 1263 adhaeserim,
437 1191 575 1262 potenter
598 1185 742 1245 medetur.

168 1269 289 1350 blattae,
312 1271 342 1331 id
366 1281 412 1332 est
434 1271 586 1354 bestiolae,
610 1273 761 1334 adstrictis
783 1271 1028 1351 inruentibusque
1052 1272 1089 1332 de
1107 1285 1143 1334 40

77 1361 187 1420 iniuria
210 1359 337 1438 pedibus
360 1367 390 1420 et
414 1359 478 1422 talis
502 1363 589 1423 tritae
612 1370 701 1440 atque
719 1363 865 1441 inpositae
885 1363 991 1440 omnia,
1014 1379 1089 1440 quae

77 1447 260 1508 inhaeserint
279 1451 407 1529 corpori,
425 1457 564 1528 potenter
583 1450 742 1528 expellunt.
770 1449 864 1512 Radix
879 1450 1023 1510 silvestris
1038 1467 1088 1509 cu·
1108 1463 1141 1511 41

33 1552 63 1594 15
79 1537 209 1597 cumeris
242 1554 310 1596 cum
338 1537 432 1596 farina
464 1537 517 1598 lini
549 1540 670 1599 seminis
700 1539 828 1615 inposita
855 1537 938 1598 valde
966 1536 1089 1615 prodest

78 1623 221 1684 eiciendis
243 1623 299 1698 hia,
324 1643 399 1702 quae
418 1627 537 1704 corpori
555 1626 747 1686 inhaeserint.
781 1624 898 1685 Usticae
917 1625 1001 1684 radix
1020 1643 1088 1685 curn
1107 1639 1142 1687 42

79 1713 139 1773 sale
167 1713 237 1773 trita
260 1720 349 1791 atque
372 1713 505 1792 adposita
528 1713 679 1794 producit,
708 1731 912 1792 quaecumque
938 1713 1089 1773 haeserint

78 1809 130 1862 aut
153 1800 262 1861 calcata
286 1803 405 1862 luerint.

9 1947 10 1950 ,
168 1888 390 1968 Cuiuscumque
413 1889 546 1950 animalis
570 1890 726 1968 coagulum
745 1891 871 1950 maxime
890 1888 1000 1968 leporis
1020 1908 1087 1950 cum
1107 1904 1142 1952 43
1207 1931 1209 1934 -

34 1995 64 2034 44
79 1979 144 2058 pari
166 1977 298 2056 pondere
322 1980 399 2038 turis
421 1977 468 2038 vel
490 1981 564 2039 visci
586 1981 749 2057 inpositum
772 1995 947 2058 permanere
970 1980 1001 2038 in
1024 1997 1087 2038 cor-

78 2083 151 2146 pore
185 2085 259 2144 quae
290 2066 400 2128 calcata
429 2074 498 2128 sunt
525 2085 585 2127 non
613 2069 691 2127 sinit.
738 2067 938 2146 Argimoniam
966 2065 1089 2126 herbam
1107 2082 1142 2129 44

78 2163 158 2216 teres
178 2164 207 2216 et
225 2154 300 2236 loco,
323 2158 373 2216 cui
391 2155 502 2234 aliquid
520 2155 659 2236 haeserit,
681 2157 898 2235 superpositam
918 2153 1088 2234 conligahis,

9 2257 11 2312 g
79 2244 235 2304 confestim
252 2243 401 2324 proderit3
419 2244 476 2304 hoc
495 2251 651 2323 expertum
670 2262 736 2304 esse
754 2244 820 2322 legi.
849 2243 959 2304 Terrae
979 2241 1088 2302 malum
1107 2257 1142 2305 45
1187 2274 1188 2279 ¹

9 2373 11 2382 ι
79 2351 147 2394 oum
170 2332 256 2393 melle
280 2340 360 2393 teres
384 2341 414 2394 et
431 2335 557 2411 inpones
576 2333 611 2393 ad
631 2335 737 2414 omnia,
756 2349 960 2412 quaecumque
979 2330 1088 2392 calcata

36 2436 64 2477 aa
81 2421 197 2482 extrahi
224 2420 367 2502 volueris3
394 2421 451 2481 hoc
480 2423 551 2484 satis
575 2421 648 2482 utile
672 2423 843 2500 experieris.
884 2420 996 2500 Nepete
1019 2438 1087 2480 con·
1107 2434 1142 2484 46

78 2507 148 2570 trita
172 2509 217 2570 vel
240 2508 309 2570 rubi
328 2510 405 2592 solia,
428 2528 495 2570 nam
515 2509 593 2570 idem
612 2517 772 2589 praestant,
796 2511 922 2588 inposita
942 2508 1015 2588 loco,
1039 2511 1089 2569 cui

79 2598 189 2676 aliquid
211 2598 387 2678 inhaeserit,
410 2605 548 2677 potenter
571 2598 737 2678 medentur,
761 2600 787 2658 si
810 2598 938 2676 desuper
961 2616 997 2657 ex
1020 2596 1087 2656 hor·

79 2685 172 2747 diacia
191 2686 286 2747 larina
303 2686 432 2747 massula
450 2689 540 2747 nimis
559 2686 635 2747 salsa
654 2694 684 2747 et
703 2686 802 2747 calens
817 2686 990 2764 adponatur.
1017 2685 1086 2745 Lar·
1107 2699 1140 2748 44

79 2774 149 2835 dum
168 2781 286 2834 coctum
304 2793 372 2835 cum
391 2777 495 2854 pingui
514 2794 568 2836 suo
588 2775 814 2855 adpositumque
833 2781 972 2853 potenter
991 2776 1088 2834 omnia

37 2878 65 2919 ao
79 2861 208 2942 expellit,
233 2881 307 2941 quae
331 2866 451 2942 corpori
473 2864 665 2944 inhaeserint,
689 2867 715 2923 si
737 2863 797 2923 illic
820 2863 965 2940 alligetur.

167 2950 262 3011 Clanis
280 2951 391 3030 pedum
409 2951 550 3032 callisque
570 2961 600 3012 et
618 2955 751 3012 verrucis
770 2951 843 3012 haec
860 2950 991 3011 remedia
1005 2950 1088 3010 utilia
1107 2963 1144 3012 48

79 3049 155 3100 sunt.
201 3039 275 3099 Nam
302 3039 454 3118 plerisque
482 3043 601 3101 nomine
630 3039 820 3101 clavellorum
847 3041 995 3118 pernicies
1018 3040 1087 3098 arti·

79 3127 153 3188 culis
181 3130 334 3208 increscit,
364 3147 439 3208 qnae
468 3129 611 3190 obdurata
639 3129 712 3190 callo
742 3127 868 3208 quodam
897 3127 1020 3206 rigescit
1045 3129 1088 3185 in·

79 3215 296 3296 credibilesque
317 3216 436 3278 exhibet
451 3216 620 3277 ambulandi
634 3216 832 3277 difficultates.
860 3214 939 3275 Haec
953 3213 1089 3274 molestia

9 3381 10 3420 q
168 3355 200 3404 10
219 3351 299 3406 radix
317 3367 369 3406 om.
449 3356 480 3405 11
501 3367 625 3422 corpore.
700 3356 734 3405 14
753 3367 875 3420 corpore.
950 3354 982 3404 16
1003 3348 1089 3420 qnae]

9 3425 10 3450 ³
79 3420 133 3489 qni.
208 3426 240 3476 19
260 3421 422 3492 qnagnlum.
496 3429 529 3478 21
550 3421 708 3492 agrimonia
725 3421 822 3476 herba.
883 3425 917 3476 26
936 3421 1088 3490 praestent.

79 3497 112 3546 at
131 3491 262 3548 ordiacia.
336 3499 369 3549 29
388 3495 502 3565 pinguo.
576 3500 609 3549 33
628 3493 745 3563 rigiscii.
