2518 3806
491 121 729 184 -371-

194 277 311 344 Fimum
335 280 530 362 ciconiarum,
555 279 607 340 sed
631 281 668 340 de
691 282 761 342 nido
784 283 864 364 ipso,
887 282 957 344 dum
981 285 1112 344 ciconiae
1131 295 1166 344 22

4 363 5 370 ’
102 366 203 444 pullos
221 364 339 448 babent,
358 385 458 428 sumes
472 378 503 428 et
517 386 584 428 cum
599 371 725 448 axungia
739 371 939 431 vetustissima
953 373 1112 451 permisce·

102 453 152 514 bis
180 461 210 514 et
237 461 374 516 conteres
402 464 491 533 atque
519 454 672 534 emplastri
699 458 786 519 modo
818 457 944 536 pedibus
974 458 1114 540 adponeS,

104 542 266 602 efficaciter
289 543 449 622 podagram
471 543 597 604 sanabis.

75 649 89 691 a
194 631 239 690 Ad
266 631 424 709 podagram
453 638 483 692 et
510 631 546 692 ad
574 650 677 694 omnes
704 633 813 714 pedum
839 633 885 694 vel
912 651 1052 694 manuum
1086 642 1116 694 et
1135 647 1168 696 23

104 717 231 778 aliorum
265 718 467 780 membrorum
499 719 617 780 dolores
648 739 684 781 ex
717 721 909 801 perfrictione
941 721 1115 782 relevandos

104 805 182 866 bene
210 806 279 866 facit
306 806 362 867 boc
390 807 555 868 remedium
583 810 640 870 sio:
667 809 865 888 Faenograeci
887 807 918 870 θ
938 809 964 890 l,
990 809 1044 869 lini
1072 828 1116 869 se·

104 895 194 956 minis
208 891 240 954 ab
254 893 276 974 1,
294 893 382 956 ibisci
401 903 539 956 contusas
558 896 673 957 radices
693 899 838 978 quinque;
859 897 931 958 baec
951 905 1018 958 ante
1038 897 1117 958 diem

104 981 245 1043 infundes
263 983 294 1042 in
309 1000 402 1062 aquae
416 980 447 1044 ἃ
463 982 548 1064 Vllll,
563 984 669 1046 deinde
684 993 751 1064 post
765 985 843 1046 diem
858 985 1007 1064 decoquas
1021 1003 1116 1064 usque

64 1089 92 1130 ao
106 1070 143 1131 ad
167 1073 278 1150 tertias,
301 1079 404 1148 postea
427 1071 538 1132 celabis
562 1080 592 1132 et
615 1091 721 1134 sucum
744 1092 862 1134 omnem
886 1073 1008 1152 colliges
1027 1080 1115 1152 atque

4 1193 6 1204 ·
106 1157 217 1218 adicies
241 1160 269 1218 ei
292 1157 351 1220 olei
369 1158 401 1220 P.
420 1157 498 1219 Vllll
522 1169 552 1220 et
570 1163 636 1221 suci
653 1161 770 1242 laurini,
793 1161 823 1222 id
843 1171 889 1222 est
908 1163 944 1222 de
969 1161 1047 1222 foliis
1070 1161 1116 1221 vel

4 1257 6 1262 '
107 1247 144 1306 de
167 1245 249 1306 bacis
272 1248 385 1308 teneris
407 1246 485 1308 lauri
507 1251 640 1328 expressi
663 1247 739 1330 813
767 1249 874 1310 deinde
900 1251 1007 1310 iterato
1030 1249 1116 1309 deco·

107 1352 182 1414 ques
204 1336 329 1416 pariter,
357 1353 512 1414 quousque
540 1339 636 1397 omnis
664 1355 755 1398 sucus
781 1355 871 1416 supra
894 1340 1024 1416 scriptus
1048 1355 1117 1397 con·

108 1429 243 1484 sumatur
266 1433 295 1483 et
318 1423 376 1483 olei
398 1425 602 1484 tantummodo
626 1444 740 1485 summa
763 1425 888 1505 residat3
912 1425 991 1504 quod
1010 1427 1116 1484 iterato

67 1525 94 1567 15
108 1509 223 1570 colatur
251 1519 281 1570 et
308 1510 458 1571 adduntur
485 1515 515 1571 in
542 1530 577 1572 eo
601 1511 675 1592 oleo,
699 1513 778 1591 quod
802 1512 995 1591 superfuerit,
1017 1511 1117 1570 laricis

106 1629 152 1640 -
174 1595 261 1676 Vllll,
284 1597 500 1658 terebinthinae
524 1601 629 1660 unciae
653 1599 720 1680 llll,
744 1599 867 1660 balsami
892 1631 930 1644 -
957 1598 997 1678 11,
1020 1601 1062 1658 ita
1084 1607 1118 1658 ut

107 1687 191 1764 prius
219 1684 291 1745 haec
319 1687 349 1745 in
379 1703 447 1745 vaso
476 1685 588 1765 duplici
615 1687 652 1746 ad
679 1689 778 1766 ignem
806 1686 1003 1747 lentissimum
1027 1685 1118 1746 resol-

108 1781 214 1833 vantur
243 1780 272 1832 et
300 1775 343 1833 sic
366 1775 601 1851 permisceantur
625 1783 655 1835 et
678 1776 842 1836 diutissime
867 1775 1053 1853 coagitentur
1077 1782 1118 1834 at·

109 1879 167 1939 que
195 1862 226 1920 in
254 1878 326 1921 usus
354 1879 445 1941 supra
472 1863 600 1940 scriptos
628 1864 813 1924 necessarios
836 1862 873 1923 ad
896 1862 1118 1941 perfricandum

68 1965 95 2005 ro
109 1957 309 2009 reserventur.

197 2036 240 2096 Ad
259 2038 371 2115 primos
389 2037 536 2116 podagrae
555 2039 685 2116 impetus
702 2037 890 2099 molliendos:
909 2039 1037 2098 Atiariae
1051 2037 1117 2098 ber·
1137 2048 1172 2098 24

109 2123 162 2184 bae
191 2132 290 2202 partes
318 2125 392 2186 duas
422 2125 587 2186 contundes
616 2133 646 2186 et
673 2125 774 2204 butyri
800 2144 890 2186 unam
914 2135 1030 2205 partem
1052 2143 1118 2204 per-

5 2283 6 2288 *
109 2211 248 2272 miscebis
276 2221 306 2273 et
333 2221 471 2274 conteres
500 2220 588 2292 atque
615 2215 657 2274 ita
685 2232 740 2293 pro
766 2223 918 2293 unguento
942 2213 988 2274 vel
1011 2213 1118 2292 empla-

110 2309 173 2360 stro
196 2302 299 2360 uteris.

70 2404 96 2446 ac
197 2387 274 2448 Ulmi
297 2395 399 2448 cortex
423 2397 567 2450 contusus
590 2389 756 2450 diutissime
776 2397 892 2450 etcum
912 2407 987 2468 aqua
1006 2390 1119 2449 marina
1137 2399 1171 2449 25

111 2494 204 2554 usque
232 2476 305 2536 adeo
333 2475 488 2557 subactus,
516 2485 550 2538 ut
577 2477 744 2556 malagmati
771 2476 876 2538 similis
900 2478 952 2558 sit,
981 2495 1036 2556 pro
1059 2495 1119 2538 em·

109 2563 220 2643 plastro
244 2564 397 2642 adpositus
420 2565 504 2626 sedat
526 2565 673 2644 podagrae
697 2564 822 2626 dolores.

198 2650 269 2712 Vivo
306 2651 402 2731 lepori
437 2671 490 2731 pes
522 2660 691 2732 amputatus
733 2661 763 2714 ct
798 2652 933 2730 alligatus
966 2651 1002 2712 ad
1029 2652 1117 2730 poda·
1137 2663 1171 2712 26

110 2757 191 2818 gram
219 2739 265 2799 vel
292 2743 356 2800 eius
384 2741 468 2818 pedis
495 2741 643 2821 partibuS,
672 2759 746 2820 quae
773 2740 928 2820 dolebunt,
957 2739 1118 2819 plurimum

73 2845 98 2884 ao
131 2827 239 2887 rodest.

111 2847 129 2907 p
198 2913 288 2976 Vituli
310 2917 419 2976 marini
437 2923 489 2977 aut
507 2915 586 2994 quod
604 2915 710 2976 melius
734 2923 780 2977 est
798 2915 928 2996 hyaenae
947 2915 1024 2994 pelle
1043 2915 1118 2975 iacta
1137 2927 1171 2976 27

111 3002 298 3064 calciamenta
326 3005 352 3063 si
375 3005 442 3082 quis
468 3005 499 3064 in
527 3003 673 3064 cotidiano
697 3023 754 3065 usu
777 3003 929 3083 habuerit,
957 3003 1118 3063 efficaciter

110 3091 256 3170 podagrae
279 3089 382 3151 morbo
406 3091 527 3152 carebit.

197 3179 287 3243 Pueri
319 3178 439 3257 inpubis
472 3179 590 3240 detonsi
623 3197 714 3257 super
740 3178 833 3258 pedes
860 3177 988 3238 dolentis
1020 3176 1119 3255 capilli
1137 3189 1171 3238 28

74 3282 99 3324 aa
112 3274 199 3346 atque
222 3267 282 3328 illic
305 3267 486 3346 aliquamdiu
509 3268 666 3346 compositi
688 3273 881 3345 compescunt
904 3265 1044 3325 dolorem.

197 3355 357 3415 Probatum
380 3355 545 3416 remedium
564 3362 618 3435 est,
641 3354 707 3414 felle
727 3355 848 3433 caprino
866 3371 927 3413 non
944 3371 1043 3434 manu,
1066 3352 1117 3413 sed
1136 3364 1170 3414 29

111 3445 199 3521 pinna
222 3443 312 3521 pedes
335 3453 497 3521 perunctos
521 3443 676 3504 confestim
700 3442 801 3503 dolore
825 3441 958 3502 relevari.

12 3544 14 3589 Ι
903 3541 958 3596 24*
