2528 3814
529 135 769 200 -316-

140 316 202 358 non
225 303 344 357 austero
367 295 526 358 molliendo
549 299 647 358 ventri
665 297 827 377 plurimum
846 304 981 376 prosunt,
1005 297 1031 356 si
1050 301 1080 355 et
1098 297 1160 374 ipsi

141 385 359 447 manducentur
387 394 417 447 et
444 388 492 446 ius
519 385 593 447 illud
620 385 741 447 bibatur
769 393 837 446 ante
865 385 979 467 cibum,
1011 391 1046 446 ut
1060 386 1160 444 ·inter
1255 447 1256 454 χ

141 475 299 554 prandium
323 483 353 536 et
376 493 479 536 cenam
503 474 600 535 alvum
623 475 731 536 leniter
753 474 874 535 molliat.

106 578 123 626 3
231 562 318 625 Ovilli
336 563 421 624 lactis
441 565 569 624 sextario
588 565 614 624 si
634 566 701 643 quis
715 563 823 624 adiciat
837 564 915 624 cnici
929 563 1049 641 purgati
1062 561 1089 622 li
1103 560 1160 621 llll
1255 613 1256 624 ,

142 661 173 714 et
195 652 361 713 discoctum
383 654 425 713 ita
448 651 560 732 ebibat,
587 653 700 713 molliet
722 660 865 713 ventrem.
907 651 1033 722 Quidam
1056 650 1187 712 tribuss

141 742 270 802 heminis
294 743 354 801 vini
377 741 510 802 adiciunt
533 740 612 802 aloes
636 741 661 801 il
685 743 839 802 semissem
865 743 959 802 etita
983 748 1078 801 totum
1102 757 1159 818 per

141 839 242 910 partes
265 849 340 910 aqua
364 831 489 891 mixtum
512 829 632 910 hibunt,
659 838 695 891 ut
720 829 854 890 molliant
878 836 1019 890 ventrem.
1062 828 1159 889 Solvit

142 927 241 980 autem
264 919 362 979 alvum
385 919 499 980 utiliter
521 921 586 997 ipsa
609 918 673 978 aloe
691 937 745 998 per
764 937 796 978 se
820 919 968 978 victoriati
993 913 1083 996 (vel)
1107 917 1157 978 de-

142 1010 219 1070 narii
241 1007 374 1087 pondere
397 1026 434 1068 ex
453 1026 546 1087 aquae
565 1007 678 1088 cyathis
698 1007 795 1068 tribus
813 1007 860 1068 vel
879 1007 1003 1086 frigidae
1022 1006 1156 1066 vel·cali-

143 1097 197 1156 dae
222 1103 348 1175 epotata.
1173 1113 1202 1150 1o

107 1197 124 1244 4
231 1183 343 1262 Purgat
366 1186 476 1262 optime
500 1192 634 1244 ventrem
658 1183 825 1244 chamelaea
851 1183 957 1264 herba,
984 1201 1060 1262 quae
1088 1183 1156 1243 folia

144 1271 250 1332 similia
273 1270 366 1331 olivae
388 1271 487 1351 hahet,
511 1290 639 1350 quorum
663 1274 795 1351 quinque
819 1273 865 1332 vel
885 1291 937 1332 sex
957 1272 1020 1332 dari
1039 1279 1158 1351 oportet

143 1361 214 1420 trita
242 1377 278 1419 ex
306 1377 398 1439 aquae
427 1359 539 1420 mulsae
569 1360 681 1440 cyathis
712 1368 854 1439 quattuor
884 1360 1021 1440 frigidae,
1055 1363 1081 1422 si
1108 1360 1156 1422 ad-

143 1455 247 1509 suetus
271 1449 341 1530 erit,
366 1450 415 1509 cui
437 1448 569 1509 remedio
594 1467 669 1529 opus
692 1456 747 1532 est,
770 1452 817 1510 sin
840 1451 948 1529 minus,
972 1448 1084 1510 calidae
1109 1449 1157 1510 ad-

108 1540 221 1598 oieoto
245 1536 315 1598 salis
338 1537 491 1618 cocliari03
515 1537 644 1598 detrahit
667 1540 747 1598 enim
769 1537 891 1616 largiter
909 1537 1008 1599 bilem.
1045 1537 1158 1618 Purgat
1173 1554 1198 1595 15

143 1625 219 1686 hene
238 1626 336 1688 alvum
355 1626 441 1688 filicis
460 1626 545 1686 radix
563 1627 623 1688 lota
643 1635 673 1688 et
691 1645 758 1687 rasa
777 1634 866 1706 atque
884 1629 916 1688 in
934 1625 1072 1688 minimas
1091 1646 1157 1706 par-

143 1714 249 1776 ticulas
273 1717 392 1776 concisa
416 1715 452 1776 ad
476 1718 659 1776 semunciam
679 1723 763 1776 aceto
783 1734 912 1794 aspersa,
936 1716 1043 1777 deinde
1063 1721 1157 1796 cocta,

131 1812 177 1868 ,ut
201 1804 276 1864 solet
298 1803 386 1865 holus
409 1805 510 1884 coqui,
539 1813 570 1865 et
596 1807 637 1864 ita
661 1823 730 1864 cum
753 1807 837 1884 panis
861 1807 949 1866 uncia
972 1814 1157 1884 consumpta.

107 1906 123 1954 c
231 1892 343 1972 Purgat
358 1893 434 1954 hene
448 1893 522 1953 haec
536 1894 701 1973 conpositio
716 1901 863 1954 ventrem:
879 1892 966 1954 Alces
977 1893 1001 1954 ll
1014 1896 1157 1974 semissis,

144 1980 302 2061 colophoni
316 1981 342 2040 ll
357 1980 392 2062 ὃς
410 2000 469 2042 una
486 1989 627 2042 teruntur
640 1981 723 2060 haec,
738 1981 865 2042 adicitur
880 1981 974 2042 mellis
989 1983 1069 2062 quod
1084 1985 1156 2044 satis
1172 2000 1201 2038 ao

143 2073 183 2131 sit
197 2069 231 2132 ad
248 2069 412 2149 colligenda
426 2089 468 2131 ea.
499 2069 592 2131 Datur
607 2089 643 2130 ex
658 2089 751 2149 aquae
765 2070 877 2132 calidae
892 2069 938 2130 rel
953 2071 1077 2150 frigidae
1091 2091 1156 2152 cya-

143 2160 203 2221 this
226 2158 288 2220 llll.
325 2158 389 2220 Hoc
413 2159 661 2220 medicamentum
685 2159 870 2220 stomachum
893 2177 954 2220 non
977 2163 1156 2240 conrumpit.

108 2261 123 2309 r
232 2247 351 2308 Globuli
374 2247 498 2308 mirifice
516 2255 678 2326 purgantes
697 2257 840 2329 ventrem,
865 2250 916 2327 qui
934 2256 968 2309 ut
987 2257 1157 2328 sumuntur,
1191 2253 1197 2266 '

142 2339 184 2397 ita
206 2339 316 2414 integri
335 2336 505 2398 deiciuntur
524 2354 580 2396 nec
598 2336 719 2398 laedunt
738 2336 932 2417 stomachum,
955 2338 1157 2399 conficiuntur

143 2427 200 2486 sic:
228 2424 392 2504 Colophoni
415 2424 526 2504 llllll,
549 2424 674 2486 bidellae
697 2424 781 2506 llll,
805 2428 933 2504 gummis
957 2424 1034 2486 llll.
1076 2425 1156 2487 Haec
1171 2441 1201 2482 ss

143 2515 213 2574 trita
236 2513 368 2574 lactucae
393 2532 464 2574 suco
489 2513 670 2592 colliguntur
693 2522 722 2575 et
745 2515 898 2592 linguntur
917 2515 1025 2592 pilulae
1044 2518 1156 2594 magni-

143 2601 246 2662 tudine
279 2601 375 2682 labae,
408 2603 516 2662 dantur
545 2621 562 2662 a
589 2602 687 2663 trihus
714 2602 815 2682 pilulis
843 2618 939 2682 usque
967 2604 1004 2664 ad
1033 2613 1157 2686 septem,

142 2697 232 2770 prout
255 2691 401 2769 cuiusque
424 2693 502 2752 vires
525 2693 684 2770 patientur.

106 2791 123 2839 8
232 2777 364 2858 Glohnli,
392 2781 444 2857 qui
471 2781 559 2840 etiam
583 2782 701 2840 cenanti
725 2780 833 2842 dantur
856 2788 887 2840 et
910 2781 1044 2842 efficiunt
1070 2798 1156 2841 mane

142 2868 256 2928 ventris
274 2865 470 2928 deiectionem
490 2877 634 2946 quantum
653 2871 723 2930 satis
743 2871 790 2950 sit,
810 2871 866 2930 sic:
885 2868 1049 2949 Colophoni
1067 2868 1155 2948 lllll,
1170 2887 1200 2926 so

142 2955 222 3016 aloes
250 2964 280 3017 et
307 2955 491 3034 tragacanthi
524 2955 623 3036 binos3
655 2957 712 3018 hoc
741 2959 838 3036 pridie
870 2976 946 3036 aqua
978 2964 1155 3037 maceratur,

142 3051 263 3124 postero
291 3043 339 3104 dic
367 3047 476 3105 ceteris
503 3044 698 3126 admiscetur3
730 3047 806 3108 fiunt
835 3046 904 3106 inde
932 3045 1045 3124 globuli
1071 3045 1155 3108 labae

143 3132 354 3214 magnitudine,
378 3133 486 3194 dantur
507 3152 523 3194 a
543 3133 640 3194 tribus
658 3153 753 3215 usque
773 3135 809 3195 ad
828 3134 892 3216 Vll;
915 3143 1042 3214 prosunt
1064 3134 1154 3214 pluri-

141 3241 225 3284 mum
248 3224 346 3284 ventri
370 3229 399 3283 et
423 3222 608 3284 stomachum
632 3223 824 3284 nullomodo
848 3233 963 3284 vexant.

206 3358 359 3443 'iventri
377 3358 546 3429 Stephanum:
565 3361 669 3443 ventre.
761 3357 983 3482 4cnici1ncicni.
1074 3356 1154 3411 8vel

143 3429 241 3484 addode
259 3447 272 3484 e
291 3429 413 3485 Suadeo.
495 3437 528 3486 18
548 3448 660 3500 quoqur.
735 3435 776 3490 ‚20
796 3428 877 3498 colop
900 3443 982 3483 omes
1003 3427 1155 3485 Corporales

141 3513 251 3567 semper.
325 3506 359 3554 29
378 3501 484 3556 cedetis
503 3503 627 3558 Scribere.
