2636 3790
524 101 739 166 ,73-

118 283 189 326 cum
219 264 313 324 farina
340 265 424 324 tenui
451 265 596 324 miscetur
624 281 657 324 ac
686 263 853 324 diutissime
885 265 1006 344 teritur,
1034 273 1136 343 postea

117 354 249 415 adicitur
267 352 364 414 mellis
387 351 554 431 despumati
577 351 688 430 aliquid
712 371 746 412 ac
770 355 839 434 vini,
862 360 896 414 nt
914 351 1058 432 liquidius
1077 353 1136 435 fiat,

116 451 259 522 potenter
286 441 356 502 inde
384 443 570 520 inunguntur
598 440 676 501 oculi
705 441 829 520 caligine
853 441 1029 502 laborantes.
1075 443 1135 504 llos
1154 455 1186 507 81

116 538 300 592 nocturnum
334 527 455 607 colliges
483 529 660 590 nitidissime
688 532 719 590 in
747 537 832 608 prato
861 537 891 590 et
918 532 948 590 in
977 531 1135 610 ampullam

87 623 220 685 amittes
243 627 332 698 atque
351 618 461 679 adicies
480 618 540 679 illic
560 617 655 678 mellis
674 619 764 680 Attici
779 611 819 705 9·
835 617 886 678 Xll
908 627 938 679 et
957 619 1136 698 opobalsami

117 701 159 796 ,Q
185 707 222 767 Vl
245 727 279 768 ac
302 709 416 786 pariter
439 713 600 786 utrumque
624 707 764 768 miscebis
787 717 817 768 et
841 710 883 768 sic
907 710 1001 768 uteris
1025 707 1060 768 ad
1082 727 1135 768 urn-

116 797 249 876 gendum
273 797 319 857 rel
342 795 600 876 superlinendum,
632 798 741 856 mirum
769 796 934 857 remedium
964 797 1135 874 experieris.

118 885 231 947 Sucum
267 887 431 945 vettonicae
465 886 673 945 tenuissimum
702 884 797 946 oculis
824 885 961 963 infunde,
994 884 1135 946 clariores
1154 897 1188 947 88

117 993 170 1035 eos
204 974 294 1034 iacies
325 983 354 1034 et
381 975 572 1052 inportunam
600 972 788 1034 lacrimarum
823 972 1050 1034 destillationem
1079 976 1137 1036 cito

76 1089 103 1128 10
117 1062 255 1123 siccabis.
301 1061 353 1122 iel
376 1061 481 1122 cameli
505 1061 600 1122 solum
624 1079 734 1140 perse
758 1062 849 1123 fronti
871 1061 989 1123 inlitum
1013 1062 1135 1142 prodest
1154 1075 1188 1125 83

117 1152 278 1213 adversum
306 1150 474 1231 caliginem,
503 1150 555 1211 sed
579 1168 617 1210 ne
646 1152 766 1212 omnino
795 1151 950 1232 lippiatur,
978 1152 1136 1214 decoctum

118 1259 188 1302 cum
217 1239 311 1300 mellis
336 1241 439 1320 optimi
463 1239 575 1318 cyathis
599 1238 696 1300 tribus
720 1247 750 1301 ct
773 1242 854 1301 croci
877 1242 964 1301 uncia
988 1243 1018 1302 in
1043 1259 1134 1303 unum

117 1328 258 1390 miscebis
292 1336 322 1388 et
354 1331 397 1388 sic
431 1328 625 1388 suffusionem
658 1328 694 1388 ad
722 1328 824 1390 oculos
852 1329 943 1390 facies
972 1329 1017 1390 vel
1046 1333 1135 1392 etiam

118 1417 287 1497 superlines
310 1417 378 1477 inde
403 1416 563 1495 caligantes
587 1424 616 1477 ct
640 1417 798 1496 lippientes
822 1418 937 1499 occulos3
963 1418 1020 1479 boc
1044 1419 1135 1480 medi-

77 1533 103 1572 15
119 1509 234 1567 camino
263 1507 351 1566 etiam
381 1514 588 1566 excrescentes
618 1525 722 1567 carnes
750 1510 781 1566 in
810 1507 904 1567 oculis
928 1516 958 1567 et
981 1509 1135 1568 cicatrices

118 1603 271 1656 curantur.
317 1594 360 1654 Ad
390 1593 530 1673 caligines
554 1593 709 1656 oculorum
733 1595 927 1674 detergendas
953 1596 1134 1656 medicamen
1154 1607 1188 1657 84

116 1683 202 1744 valde
226 1683 342 1744 efficax:
366 1683 461 1744 Rosae
481 1685 577 1744 siccae
596 1701 712 1761 pugnos
732 1683 806 1744 duos
825 1683 929 1762 plenos
948 1702 1016 1743 cum
1036 1683 1135 1743 radice

117 1771 241 1834 feniculi
269 1771 428 1850 diligenter
456 1773 575 1850 purgati
605 1781 635 1831 et
664 1773 725 1832 feni
753 1773 852 1849 graeci
881 1789 1015 1850 pugnum
1043 1789 1135 1832 unrrm

117 1861 241 1941 plenum
259 1863 290 1920 in
311 1860 397 1921 ollam
416 1879 521 1922 novam
540 1862 641 1920 mittes
660 1867 691 1920 et
705 1859 826 1920 decocta
841 1863 935 1938 prima
950 1877 1026 1938 aqua
1045 1860 1135 1921 eflusa

77 1977 103 2015 20
118 1953 162 2011 sic
182 1957 285 2029 postea
304 1949 462 2030 decoques,
486 1959 519 2010 ut
538 1951 712 2028 spissescat3
731 1948 838 2009 deinde
858 1946 953 2008 mellis
972 1948 1064 2009 Attici
1082 1967 1135 2008 un-

117 2041 195 2100 ciam
223 2040 416 2118 supermittes
445 2045 476 2099 et
501 2039 614 2116 piperis
643 2036 806 2116 scripulum
835 2036 910 2097 bene
939 2039 1015 2119 triti,
1045 2037 1134 2097 addes

117 2131 205 2188 etiam
230 2130 310 2207 passi
332 2127 442 2188 Cretici
465 2126 657 2208 aliquantum,
680 2135 714 2187 nt
737 2125 880 2206 liquidius
903 2125 1002 2206 iacias,
1028 2125 1135 2186 deinde

116 2235 172 2296 per
200 2215 354 2277 linteolum
387 2215 546 2276 delicatum
579 2215 690 2276 colabis
723 2223 753 2276 et
789 2214 825 2275 ad
862 2215 1056 2275 suffusionem
1089 2215 1134 2274 vel

117 2305 375 2386 superlinitionem
391 2304 546 2366 ocellorum
560 2307 664 2365 uteris
702 2303 834 2365 Perdicis
852 2303 890 2364 iel
909 2305 1034 2364 mixtum
1054 2303 1134 2364 melli
1153 2313 1187 2364 88

78 2419 102 2460 aa
116 2396 215 2454 Attico
236 2393 391 2472 caliginem
406 2393 490 2473 tollit,
510 2394 536 2452 si
551 2393 644 2454 oculis
659 2393 781 2454 adsidue
796 2392 979 2472 infundatur,
999 2393 1050 2453 sed
1066 2411 1133 2454 cum

116 2483 206 2544 modo
230 2490 261 2543 et
284 2482 399 2561 aequali
422 2500 570 2543 mensura.
617 2482 738 2560 Aquilae
763 2482 801 2542 fel
824 2500 891 2544 cum
917 2481 1003 2542 melle
1027 2481 1133 2560 Attico,
1153 2493 1186 2542 88

116 2589 217 2652 myrra
244 2589 314 2632 vera
342 2579 372 2632 et
399 2573 477 2630 nitro
507 2569 573 2630 albo
601 2571 725 2649 singulis
752 2573 849 2632 unciis
881 2573 1006 2632 mixtum
1039 2570 1133 2631 oculis

115 2663 261 2720 visionem
290 2661 489 2720 acutissimam
517 2667 661 2738 praestat,
690 2663 716 2720 si
743 2679 811 2722 cum
839 2659 927 2720 modo
950 2659 1132 2720 infundatur.

115 2748 154 2810 Ut
174 2751 237 2809 acie
257 2750 384 2808 certiore
403 2750 514 2809 intueri
534 2751 631 2810 omnia
650 2751 756 2830 possis,
777 2750 851 2810 ficus
870 2748 1024 2809 Africanae
1044 2750 1132 2808 etiam
1152 2759 1185 2808 87

77 2865 101 2904 ³0
117 2840 226 2898 veteris
255 2837 415 2898 dummodo
442 2839 654 2916 pinguissimae
683 2838 718 2898 ad
747 2840 845 2916 ignem
874 2836 1031 2898 calefactae
1061 2852 1132 2897 suco

116 2944 259 3006 expresso
288 2928 416 3006 vinoque
448 2925 542 2987 diluto
575 2927 677 2988 oculos
705 2929 831 3008 inunge,
864 2925 1059 3004 gratulaberis
1087 2943 1132 2984 re·

115 3015 224 3076 medio.
270 3013 376 3093 Vipera
405 3017 469 3074 viva
492 3017 621 3076 mittitur
644 3018 675 3075 in
699 3033 748 3076 vas
772 3033 881 3076 novrum
906 3013 995 3074 fictile
1020 3022 1050 3074 et
1073 3013 1131 3074 adi·
1151 3025 1185 3074 88

116 3106 196 3165 citur
220 3105 247 3164 ei
271 3105 336 3164 suci
360 3102 481 3164 feniculi
503 3104 626 3183 cyathus
645 3122 723 3164 unus
743 3110 773 3164 et
791 3105 867 3164 turis
886 3120 1010 3181 granum
1030 3121 1131 3181 unum,

115 3193 224 3254 deinde
244 3211 296 3253 vas
315 3191 472 3254 obturatur
491 3192 593 3272 argilla
613 3200 643 3253 et
661 3191 880 3252 circumlinitur
904 3199 933 3252 et
956 3193 987 3250 in
1011 3190 1131 3250 furnum

188 3405 204 3453 8
225 3403 256 3452 ui
275 3398 397 3454 litterula
415 3414 501 3453 masa.
594 3401 610 3450 8
629 3397 783 3452 vetonicae.
877 3401 909 3448 13
928 3390 1058 3447 miscebis
1081 3405 1131 3445 om.

116 3476 150 3525 20
170 3469 340 3539 dequoques.
413 3474 446 3523 at
466 3466 630 3537 gratulabis.
704 3473 738 3522 34
757 3465 926 3522 circumline.
