2540 3802
539 119 784 184 -258—

99 297 133 346 30
242 282 286 342 hd
310 281 422 361 lapides
446 281 482 341 de
505 283 618 341 vessica
643 280 793 342 eiciendos
816 281 982 342 remedium
1005 283 1172 362 singulare:

152 370 276 432 llireum
296 377 483 448 segregatum
503 369 550 430 vel
564 369 698 430 clausum
713 379 828 447 septem
845 369 950 430 diebus
965 370 1048 432 lauro
1063 390 1171 450 pasces

152 468 183 521 et
205 459 395 539 postmodum
419 477 435 518 a
459 476 553 537 puero
577 458 682 537 inpuhi
705 457 802 519 occidi
824 459 915 519 laoies
939 467 969 520 et
992 463 1171 538 sanguinem

152 552 216 610 eius
236 551 367 628 excipies
384 547 546 628 munditer,
565 565 601 607 ex
620 565 654 607 eo
674 546 758 608 dahis
774 545 921 608 laboranti
938 549 970 608 in
986 550 1048 608 vini
1062 550 1171 628 cyatho
1251 553 1258 569 ⁴

151 637 298 717 scripulos
328 646 405 718 tres,
432 645 462 697 at
490 653 561 696 vero
586 643 621 696 ut
643 638 708 696 eius
731 638 777 696 rei
799 639 1036 715 experimentum
1060 641 1201 719 capias‚s

150 726 266 806 lapillos
294 725 426 786 fluviales
454 727 485 784 in
514 725 659 786 vessicam
685 725 800 805 mitteS,
828 726 860 784 in
889 743 947 804 qua
974 729 1096 805 sanguis
1120 745 1170 788 ex·

152 823 257 896 ceptus
285 815 388 894 luerit,
416 831 485 874 nam
512 815 543 874 in
571 815 684 874 vessica
712 814 809 892 excipi
833 812 933 894 debet,
963 823 993 874 et
1022 816 1169 894 signatam

150 921 277 985 repone3
300 905 378 964 intra
401 902 465 963 dies
489 909 604 982 septem
628 901 740 964 solutos
763 903 884 980 penitus
906 904 1049 964 invenies.

97 1005 131 1053 31
240 992 414 1053 Antidotum
441 992 478 1052 ad
506 993 623 1052 renium
652 991 784 1052 dolorem
813 992 869 1051 sic:
902 990 1037 1052 Feniculi
1064 1010 1168 1054 semen

151 1099 267 1162 recens,
290 1080 467 1160 petrosilini,
490 1079 578 1140 dauci
597 1079 715 1160 Cretici,
734 1078 894 1158 zingiberis
912 1081 1031 1162 integri,
1053 1083 1168 1160 piperis
1185 1099 1214 1138 1o

151 1171 239 1250 nigri,
263 1171 346 1248 porri
369 1170 490 1246 capitati
514 1187 625 1250 semen,
649 1167 717 1228 lolia
736 1166 920 1248 malabathri,
944 1187 1035 1247 grana
1053 1172 1167 1249 piperis

152 1256 220 1318 albi.
254 1256 359 1317 Ornnia
378 1256 452 1316 haec
472 1259 574 1335 aequis
593 1255 775 1334 ponderibus
794 1257 902 1317 tundes
922 1264 952 1317 et
971 1257 1117 1318 cribrabis
1136 1269 1167 1320 et

79 1367 82 1376 ¹
151 1345 292 1406 miscebis
320 1363 389 1406 cum
418 1343 505 1405 melle
529 1345 626 1406 Attico
654 1352 685 1405 et
712 1363 747 1404 ex
777 1363 812 1405 eo
840 1344 960 1424 pilulam
985 1345 1166 1408 admodum

152 1433 300 1494 avellanae
324 1452 360 1494 ex
383 1451 459 1512 aqua
483 1433 577 1494 calida
600 1435 700 1494 ieiuno
724 1431 816 1494 dabis.

98 1535 132 1583 32
241 1522 285 1583 ld
309 1524 426 1582 renium
450 1521 582 1582 dolorem
606 1529 792 1601 unguentum
816 1525 887 1582 satis
909 1523 1012 1584 efficax
1032 1525 1089 1584 sic:
1114 1523 1167 1584 Ca·
1184 1541 1211 1581 15

153 1613 246 1672 storei
265 1610 344 1690 -Ι,
368 1610 485 1672 eulorbi
504 1613 696 1691 semunciam,
715 1610 797 1690 pulei
818 1610 930 1692 -18,
952 1631 1038 1672 cerae
1060 1645 1098 1657 -
1116 1612 1167 1693 ΙΙΙ,

152 1701 244 1780 satyri
270 1731 308 1745 —
329 1699 378 1776 ΙΙΙ,
404 1699 461 1760 olei
480 1702 572 1760 amari
596 1733 633 1744 —
650 1699 696 1780 Vl,
719 1701 821 1779 cyperi
840 1702 1030 1780 semunciam,
1048 1719 1166 1781 myrrae

150 1787 230 1869 -Ι,
250 1790 367 1850 resinae
386 1788 603 1850 terebinthinae
623 1790 814 1870 semunciam,
833 1791 946 1867 piperis
963 1821 1007 1834 -
1026 1789 1038 1849 l
1059 1789 1088 1869 8,
1108 1790 1167 1850 olei

151 1877 260 1938 laurini
280 1909 320 1921 —-
341 1876 387 1958 Vl,
411 1877 592 1956 opobalsami
610 1909 651 1920 -
672 1877 693 1938 1.
732 1875 812 1938 Haeo
836 1879 933 1938 omnia
958 1879 1035 1939 sicca
1055 1879 1166 1939 tundes

153 1975 182 2026 et
201 1965 348 2026 cribrabis
367 1973 397 2026 et
415 1966 555 2027 miscebis
575 1974 605 2027 et
623 1966 773 2045 decoques
792 1974 823 2026 et
840 1965 953 2045 liquido
969 1967 1165 2028 medicamine
1181 1987 1208 2027 so

150 2056 245 2116 uteris
268 2057 299 2114 in
322 2053 427 2115 balneo
451 2063 482 2116 et
504 2073 654 2134 perunges
677 2073 774 2136 renes,
798 2073 886 2115 coxas
909 2063 940 2116 et
963 2073 1054 2135 super
1072 2059 1165 2136 pecti·

151 2162 233 2205 nem:
257 2146 354 2204 omnis
377 2141 461 2203 dolor
484 2145 543 2205 cito
567 2143 691 2203 desinet.

97 2245 131 2294 33
241 2231 421 2292 Trochiscus
440 2231 476 2292 ad
494 2234 612 2292 renium
631 2231 764 2292 dolorem
783 2239 813 2293 et
830 2234 961 2293 vessicae
980 2232 1113 2294 dolorem
1129 2253 1165 2295 ac

150 2319 273 2380 vulnera
292 2327 322 2380 et
340 2320 377 2380 ad
396 2338 456 2400 eos,
476 2322 527 2399 qui
545 2322 661 2381 urinam
681 2323 872 2400 sanguineam
887 2321 999 2382 faciunt
1013 2321 1059 2381 vel
1072 2341 1165 2401 puru-

149 2408 269 2489 lentam,
282 2410 391 2487 accipit
404 2409 491 2469 haec:
506 2408 575 2487 Opii
588 2406 668 2489 drag.
679 2409 729 2488 lll,
743 2409 779 2470 de
794 2409 909 2470 nucleis
922 2411 1019 2488 pineis
1032 2411 1164 2472 excalda-
1179 2430 1209 2470 ss

150 2499 189 2558 tis
213 2504 243 2556 et
265 2499 400 2576 purgatis
423 2494 504 2575 drag.
522 2497 571 2577 lll,
599 2499 681 2558 croci
704 2496 783 2576 drag.
802 2498 850 2578 ΙΙΙ,
874 2497 1042 2578 amygdalae
1068 2499 1165 2561 dulcis

151 2584 319 2646 excaldatae
338 2593 368 2646 et
386 2595 529 2664 purgatae
553 2584 632 2665 drag.
650 2585 704 2668 lll,
726 2587 873 2648 avellanae
896 2594 1039 2666 purgatae
1062 2596 1092 2648 et
1115 2607 1164 2648 ex·

150 2672 280 2734 caldatae
300 2671 380 2752 drag.
396 2673 445 2753 lll,
464 2677 632 2736 cucumeris
647 2677 769 2736 seminis
785 2678 904 2754 purgati
918 2672 998 2754 drag.
1012 2675 1073 2758 llll,
1091 2676 1163 2755 hyo-

151 2764 261 2842 scyami
280 2761 339 2822 albi
357 2765 479 2823 seminis
499 2763 620 2843 cyathos
638 2771 709 2844 tres,
732 2766 792 2844 apii
810 2765 932 2825 seminis
951 2765 1071 2845 cyathos
1089 2772 1163 2846 tres,

150 2850 273 2911 feniculi
291 2852 413 2911 seminis
432 2852 553 2931 cyathos
571 2859 642 2933 tres,
661 2851 783 2931 lapathii
799 2855 921 2913 seminis
935 2851 1016 2931 drag.
1029 2854 1050 2914 l.
1083 2853 1164 2915 llaec
1178 2873 1209 2914 so

150 2941 247 3000 omnia
261 2941 391 3018 primum
406 2943 564 3018 separatim
579 2948 659 3002 teres
675 2941 907 3020 etpermisoebis
917 2961 1083 3022 compasso
1094 2943 1164 3004 Cre·

149 3029 219 3109 lico,
232 3035 297 3089 turn
312 3047 347 3088 ex
362 3046 397 3088 eo
408 3029 498 3090 facies
508 3029 673 3090 trochiscos
683 3029 827 3092 hahentes
837 3027 917 3109 drag.
929 3031 1059 3110 singulas
1074 3039 1105 3092 et
1114 3033 1165 3092 da-

149 3116 195 3178 bis
210 3115 356 3178 bibendos
370 3117 503 3197 singulos
518 3137 586 3180 cum
599 3137 692 3198 aquae
702 3119 814 3180 mulsae
825 3119 935 3180 calidae
946 3120 1059 3199 cyathis
1070 3120 1165 3202 binis3

149 3204 222 3267 utile
242 3214 288 3268 est
305 3206 362 3268 hoc
380 3206 574 3290 medicamen,
593 3211 679 3268 etiam
698 3210 722 3268 si
741 3226 795 3287 per
810 3215 961 3270 veretrum
979 3209 1166 3271 infundatur.

240 3348 254 3396 1
270 3342 420 3399 eiciendus.
448 3343 592 3414 4cyebhos
603 3344 745 3414 soripolos.
771 3343 996 3412 dexperimenlo.
1025 3342 1166 3413 isignala

148 3413 254 3496 reponi,
281 3414 424 3470 8solutus.
450 3419 484 3497 ,1⁰
493 3413 616 3497 deucini.
637 3420 670 3470 15
680 3415 748 3498 setis
757 3417 931 3484 unguentum
940 3416 1048 3470 inomao
1057 3415 1164 3498 ordine.

149 3485 271 3538 carboni.
321 3490 353 3540 18
367 3485 562 3546 berebmtrnne.
609 3491 642 3540 22
657 3486 769 3541 desmrl.
812 3489 845 3538 28
860 3500 962 3540 semen.
1001 3491 1035 3540 30
1049 3485 1164 3556 lepaou.
