2564 3794
488 120 726 186 —135-

98 285 125 344 si
148 301 236 363 aqua,
264 284 296 342 in
320 299 377 361 qua
401 289 484 343 cocta
508 283 632 364 inerint,
659 283 861 361 gargarizatur
886 291 938 345 aut
961 302 994 344 os
1017 302 1053 345 cx
1077 302 1112 345 ea

97 371 254 434 colluatur.
293 369 372 430 Haeo
395 373 492 431 omnia
515 379 643 450 prosunt
665 373 753 432 etiam
777 372 915 449 anginam
933 371 1111 434 habentibus

98 469 129 521 et
146 467 245 520 cetera
264 461 334 520 vitia
352 461 384 518 in
402 477 454 519 ore
473 467 540 522 nata
558 459 719 521 efficaciter
733 468 847 520 curant.
877 460 942 521 Non
957 461 1111 523 desinente
1129 474 1165 524 39

98 549 228 609 faucium
256 556 373 608 tumore
401 555 527 627 prosunt
552 566 613 609 non
636 548 732 609 solum
756 549 886 609 fomenta
908 549 1038 610 molhter
1061 551 1109 612 ad·

54 652 69 693 s
97 636 191 697 hibita
220 635 355 697 lancibus
383 646 471 715 atque
500 639 618 698 arteriis
643 656 697 716 per
721 637 850 714 siongias
873 655 966 716 aquae
990 638 1111 720 calidae,

98 725 151 786 sed
175 727 263 786 eliam
287 724 495 804 cataplasmata
518 725 564 785 vel
588 727 717 786 tomenta
736 725 773 785 de
792 725 903 786 farinis.
944 726 1048 805 ltaque
1066 729 1110 788 in-

97 816 169 894 poni
188 813 337 893 oportebit
355 813 450 874 isdem
470 813 604 892 partibus
624 815 747 874 farinam
767 813 962 875 hordeaceam
981 833 1016 874 ex
1034 833 1110 894 aqua

97 921 172 981 pura
191 902 237 962 vel
256 901 350 962 mulsa
370 909 484 963 coctam
507 901 554 963 vel
578 902 632 962 lini
655 903 777 963 seminis
800 903 923 970 farinam
943 902 989 963 vel
1012 903 1111 964 faeno·

97 993 198 1070 graeci
216 991 340 1050 farinam
360 991 497 1051 similiter
515 999 637 1052 coctam.
672 991 730 1052 Sed
749 992 872 1052 mirifice
891 1001 1019 1070 prosunt
1038 992 1110 1071 pulli

56 1095 83 1135 ro
96 1080 284 1140 hirundinini
306 1082 433 1157 pingues
456 1079 535 1140 saliti
552 1079 599 1140 vel
620 1088 757 1140 recentes
776 1081 836 1139 assi
854 1082 884 1140 in
903 1080 970 1140 cibo
990 1083 1110 1159 sumpti.

96 1167 238 1228 Protinus
259 1170 338 1227 enim
357 1185 475 1228 omnem
493 1169 744 1247 praefocationem
763 1178 793 1229 et
811 1176 959 1228 tumorem
979 1169 1110 1230 lancium

96 1256 212 1318 tollunt.
250 1255 358 1316 Verum
382 1259 408 1316 si
431 1275 597 1336 suppurare
622 1257 723 1318 fauces
746 1256 936 1338 ridebuntur,
959 1257 1109 1336 oportebit

96 1347 215 1424 saepius
229 1345 408 1423 gargalizare
423 1363 527 1424 aquam
543 1364 612 1406 cum
626 1347 691 1406 licis
705 1344 796 1405 aridis
811 1355 925 1406 coctam
939 1345 985 1406 vel
1002 1365 1108 1425 aquam

2 1434 3 1447 ¹
96 1433 221 1494 mulsam
241 1452 309 1494 cunr
328 1451 418 1512 snpra
437 1437 618 1512 scriptorum
637 1435 826 1495 admixtione.
858 1433 943 1504 Quod
963 1437 989 1495 si
1007 1443 1109 1496 tantus

55 1537 82 1578 ra
97 1522 188 1582 inerit
215 1529 327 1601 tumor,
355 1530 389 1582 ut
417 1524 503 1582 etiam
532 1523 698 1600 praefocari
721 1533 772 1582 aut
799 1523 977 1601 strangulari
1007 1523 1109 1584 fauces

96 1611 266 1689 videantur,
295 1611 392 1670 alvum
420 1610 596 1672 subtrahere
624 1611 763 1690 clysterio
791 1611 942 1690 oportebit
969 1621 1021 1672 aut
1043 1630 1109 1672 san·

96 1702 217 1777 guinem
244 1701 380 1760 emittere
408 1699 445 1760 de
474 1699 596 1760 brachio
620 1701 666 1760 vel
694 1699 750 1760 sub
774 1699 874 1776 lingua
896 1717 1000 1760 renam
1023 1719 1108 1780 prae·

96 1787 204 1848 cidere.
235 1787 400 1868 Thymbrae
420 1806 456 1848 er
474 1806 549 1866 aqna
569 1797 670 1848 coctae
689 1788 734 1848 vel
753 1790 830 1848 aceti
848 1807 938 1867 vapor
952 1807 1006 1867 per
1020 1807 1107 1850 arun·
1127 1798 1163 1848 4⁰

96 1875 195 1936 dinem
224 1895 276 1936 ore
304 1887 444 1955 receptus
472 1877 595 1955 prodest
623 1877 659 1937 ad
683 1885 816 1936 tumores
840 1879 901 1937 oris
925 1885 955 1938 et
977 1879 1108 1956 gutturis

54 1979 80 2020 so
97 1973 127 2025 et
149 1966 288 2025 lancium.
321 1964 483 2044 Origanum
506 1967 610 2026 tritum
634 1983 703 2026 cnm
722 1964 808 2025 melle
826 1967 989 2044 inpositum
1007 1967 1107 2027 ulcera
1126 1975 1161 2024 41

97 2054 158 2113 oris
180 2063 288 2132 purgat
310 2072 366 2114 nec
389 2055 502 2132 patitur
525 2073 558 2114 ea
582 2054 700 2132 longius
728 2071 863 2134 serpere3
895 2062 1014 2114 coctum
1038 2073 1108 2114 vero

97 2160 164 2202 cum
193 2161 269 2221 aqtra
298 2152 327 2202 et
355 2143 436 2202 arida
460 2143 519 2202 ficu
543 2151 631 2221 atque
655 2142 778 2203 adsidue
802 2141 1011 2220 gargalizatum
1038 2143 1109 2202 facit

1 2253 2 2262 ¹
96 2238 126 2290 et
150 2231 184 2290 ad
209 2231 265 2291 alia
289 2233 367 2310 vitia,
390 2230 421 2290 id
445 2231 549 2291 estad
573 2233 710 2309 anginam
734 2240 764 2292 et
786 2230 917 2308 linguam
940 2231 1108 2312 sideratam,

96 2319 175 2398 quod
199 2337 293 2397 genus
317 2318 414 2379 morbi
435 2320 542 2380 Graeci
564 2319 712 2399 paralysin
735 2328 850 2379 vocant.
888 2318 1108 2382 Sorbitionibus
1125 2327 1162 2376 42

1 2417 2 2494 y
54 2422 80 2463 aa
96 2409 141 2468 uti
164 2407 313 2486 oportebit
336 2426 401 2490 eos,
425 2411 477 2487 quai
500 2408 536 2468 de
559 2427 616 2469 uva
640 2416 670 2468 et
693 2407 828 2468 lancibus
851 2406 998 2489 laborant,
1022 2409 1108 2469 lactis

96 2515 132 2556 ex
155 2496 266 2577 amulo,
294 2498 402 2574 tisana,
431 2515 530 2576 oryza,
559 2496 646 2578 alica,
672 2497 765 2556 farina
789 2498 919 2576 triticea,
945 2495 1009 2556 laba
1034 2497 1107 2577 alba,

1 2599 2 2602 ’
95 2587 191 2646 urtica
219 2595 321 2645 tenera
349 2604 417 2645 cnm
445 2585 520 2646 lacte
548 2585 683 2663 decoeta3
712 2584 818 2645 deinde
847 2603 915 2645 eum
943 2603 979 2646 ex
1009 2585 1108 2665 aliqua

94 2682 179 2752 parte
202 2673 325 2734 relevati
348 2674 468 2755 luerint,
491 2681 555 2734 tum
579 2676 624 2734 uti
647 2676 710 2734 ovis
734 2673 894 2734 sorbilibus
918 2673 1035 2734 debent.

184 2763 228 2823 hd
256 2781 327 2823 uvas
355 2762 478 2822 callosas
507 2772 537 2822 et
564 2764 688 2822 nimium
712 2771 862 2823 tumentes
885 2763 1010 2822 mirifica
1033 2762 1106 2823 haec
1125 2771 1161 2819 43

1 2917 2 2926 χ
53 2866 78 2906 as
96 2853 270 2930 compositio
298 2859 357 2932 est,
385 2851 455 2912 iacit
483 2859 513 2911 et
540 2851 576 2910 ad
603 2861 703 2911 cetera
731 2851 861 2911 lancium
889 2860 919 2911 et
942 2853 1004 2911 oris
1027 2853 1106 2932 vitia,

95 2947 262 3000 astantem
285 2939 374 3000 haec:
410 2941 495 3000 Aeris
518 2939 602 3000 iloris
625 2938 709 3022 llll,
733 2939 899 3000 chalcitidis
922 2938 1007 3020 llll,
1031 2941 1107 3018 picis

94 3027 223 3106 liquidae
251 3027 398 3108 cyathum.
444 3027 590 3107 Coquitur
617 3031 679 3107 pir,
709 3028 804 3089 donec
834 3031 948 3089 amittat
975 3027 1108 3108 odorem,

94 3116 201 3177 deinde
225 3117 394 3178 adiciuntur
417 3119 446 3177 ci
469 3117 564 3176 mellis
587 3116 684 3195 cyathi
707 3135 759 3176 ser
782 3125 871 3196 atque
895 3119 1004 3177 iterum
1026 3125 1106 3178 utra·

93 3223 153 3284 que
185 3207 276 3265 mixta
308 3205 526 3286 infervescunt3
558 3214 626 3284 post
658 3205 715 3266 hoc
746 3206 874 3266 adicitur
901 3207 962 3265 vini
989 3205 1108 3266 Aminei

166 3340 374 3395 tordeaceam.
457 3341 620 3394 8mulsam.
704 3345 737 3394 10
756 3339 922 3394 arundinini.
1009 3337 1105 3393 sallibi.

94 3417 128 3536 g}
147 3411 266 3551 {gallim
284 3409 341 3466 alin
359 3427 409 3466 om.
474 3417 508 3466 24
526 3411 669 3481 paralisis.
734 3417 768 3465 26
787 3412 869 3465 orias.
938 3414 972 3464 32
991 3407 1107 3466 cisium.
