2540 3802
544 165 580 174 -
633 95 784 193 176*-

154 293 254 372 lingua
276 291 384 352 habeto
409 299 438 351 et
462 290 594 370 salivam,
625 309 701 370 quae
730 291 870 369 creverit,
898 290 1085 372 transglutti‚
1113 309 1174 370 quo

155 381 233 442 lacto
256 398 353 460 neque
378 381 461 440 sities
484 397 582 458 neque
606 397 640 440 os
662 378 717 439 tibi
740 381 898 440 inarescet.

102 481 136 528 42
244 469 288 530 dd
317 467 465 548 singultus
492 467 670 528 inhibendos
698 467 858 548 festucam,
886 485 975 546 quam
1005 465 1114 528 bibens
1142 470 1176 528 in

156 557 247 619 calice
267 559 428 637 acceperis,
446 558 584 636 protinus
603 555 764 635 supercilio
784 557 906 616 sinistro
925 557 1084 636 imponit03
1104 575 1175 616 con·

103 658 137 707 43
156 649 240 708 tinuo
264 646 430 708 remedium
449 647 620 724 experieris.
654 643 688 704 ln
707 662 813 724 aquam
832 644 957 705 calidam
976 663 1082 706 manus
1102 647 1174 705 mis·
1204 665 1216 706 a

156 753 205 796 sae
229 735 341 815 diuque
364 734 424 795 illic
447 741 581 795 retentae
605 733 753 812 singultus
777 732 947 794 crebriores
970 732 1108 794 inhibere
1130 733 1175 793 di-

103 836 138 884 44
157 832 275 886 cuntur.
313 823 427 884 Anulus
449 825 482 882 in
505 824 626 883 sinistra
648 840 738 882 manu
763 823 795 882 in
817 821 915 882 medio
940 821 1032 900 digito
1056 823 1177 900 positus

103 924 137 973 45
156 913 202 974 vel
224 912 336 974 ibidem
357 911 518 973 translatus
542 909 690 989 singultus
714 912 814 971 statim
839 913 1012 989 compescit.
1050 909 1083 970 Si
1107 912 1177 988 quis
1228 966 1230 968 .

157 1001 334 1081 singultiens
353 1003 430 1062 aceti
449 999 578 1062 scillitioi
597 998 729 1060 cocleare
748 999 870 1077 plenum
891 1001 1050 1080 acceperit,
1074 1001 1178 1058 statim

157 1090 314 1168 singultire
342 1089 471 1169 desinet3
503 1088 582 1148 idem
609 1094 741 1167 praestat
768 1095 799 1146 et
826 1105 920 1166 aquae
949 1089 1020 1146 satis
1048 1086 1177 1166 frigidae
1192 1109 1220 1148 10

158 1177 300 1238 adsiduus
323 1184 459 1256 gustatus
479 1184 509 1236 et
528 1179 554 1236 si
573 1179 641 1254 quis
654 1177 799 1255 spiritum
817 1177 981 1236 introrsum
1002 1183 1126 1236 revocet
1145 1184 1178 1236 et

158 1264 338 1342 aliquamdiu
358 1267 517 1345 contineat,
537 1264 674 1324 similiter
690 1263 904 1324 remediabitur
918 1282 973 1324 nec
988 1265 1088 1324 miuus
1102 1263 1177 1324 buio

57 1393 62 1402 a
158 1355 203 1412 rei
226 1353 349 1431 prodest
372 1359 613 1413 sternumentum
636 1354 667 1412 in
690 1361 825 1431 tempore
849 1354 1019 1413 excitatum.

105 1452 139 1502 46
247 1440 362 1501 Herbae
390 1442 545 1520 trixaginis
574 1448 716 1502 contusae
744 1444 775 1503 in
802 1441 899 1519 lignea
926 1440 987 1520 pila
1010 1459 1101 1501 sucus
1126 1459 1178 1500 ex·

157 1547 280 1609 pressus
309 1548 377 1590 cum
404 1531 472 1590 vino
501 1529 596 1590 calido
623 1531 709 1609 potui
735 1529 822 1590 datus
850 1539 956 1609 ruptos
984 1531 1046 1590 sive
1073 1529 1179 1590 vulsos
1193 1548 1218 1590 15

105 1630 139 1680 47
160 1626 190 1679 et
221 1620 401 1679 reumaticos
434 1618 596 1679 efficaciter
630 1625 721 1680 sanat.
767 1617 987 1698 Asparagorum
1019 1617 1103 1677 radix
1139 1619 1179 1678 ad

158 1707 275 1786 pondus
304 1707 494 1767 denariorum
523 1707 650 1768 duorum
678 1715 708 1767 et
730 1706 880 1767 brassicae
907 1707 976 1766 solia
999 1706 1179 1766 tantundem

158 1813 317 1856 mensurae
345 1797 471 1856 contrita
500 1803 589 1874 atque
617 1814 653 1855 ex
676 1797 744 1855 vino
768 1797 854 1872 nigro
877 1795 924 1855 vel
947 1802 1067 1855 austero
1090 1797 1180 1872 potui

107 1894 141 1944 48
161 1883 227 1942 data
251 1882 342 1944 vulsis
365 1891 396 1944 et
418 1885 590 1945 reumaticis
613 1884 739 1944 mirifice
757 1891 893 1962 prosunt.
926 1882 960 1942 ln
978 1882 1047 1961 pila,
1065 1883 1098 1941 in
1118 1901 1181 1961 qua

160 1972 343 2033 frumentum
365 1972 515 2052 tunditur,
544 1971 849 2051 quantulumcumque
878 1971 1011 2031 sordium
1035 1978 1087 2030 aut
1110 1971 1179 2048 pul·
1194 1991 1220 2032 so

158 2063 237 2120 veris
264 2061 414 2122 inveneris
443 2060 548 2138 collige
575 2063 707 2139 itemque
735 2063 766 2120 in
794 2079 830 2120 eo
857 2059 922 2120 loco
950 2059 1179 2140 miseramine,

159 2151 191 2209 in
210 2167 268 2227 quo
288 2151 393 2211 ianuae
412 2148 526 2228 pessuli
545 2149 740 2230 descendunt,
759 2147 905 2227 quidquid
924 2149 1096 2226 reppereris
1117 2147 1180 2208 ool-

159 2236 217 2316 lige
244 2245 274 2298 et
301 2239 333 2298 in
360 2256 454 2298 uuum
481 2239 628 2317 permisce
657 2244 687 2297 et
714 2239 804 2297 tacite
831 2237 878 2297 vel
906 2236 1023 2297 occulto
1051 2235 1118 2296 loco
1145 2238 1180 2297 in

118 2349 120 2354 ·
159 2327 311 2403 potionem
340 2334 391 2386 aut
418 2326 519 2387 cibum
545 2325 622 2386 vulsi
649 2325 811 2386 laborantis
843 2327 999 2406 insperge3
1032 2327 1180 2386 continuo

108 2424 142 2473 49
161 2412 271 2474 malum
295 2413 438 2493 dolorque
462 2414 622 2476 sedabitur.
658 2413 813 2493 Serpentis
835 2422 983 2492 senectus
1006 2412 1037 2474 id
1061 2421 1108 2473 est
1127 2431 1179 2474 cx·
1195 2433 1224 2474 aa

161 2503 260 2582 uriae,
288 2501 356 2562 licio
386 2501 519 2580 alligatae
547 2510 578 2563 et
600 2502 684 2564 vulso
708 2501 908 2564 circumdatae
936 2504 1010 2562 mire
1038 2510 1180 2579 prosunt.

109 2601 143 2651 50
163 2589 284 2650 Stercus
304 2592 399 2650 verris
417 2593 513 2670 primo
532 2609 601 2652 vere
616 2591 773 2653 collectum
788 2591 1011 2669 arefactumque
1026 2597 1056 2650 et
1070 2592 1182 2652 tritum

161 2680 191 2739 in
214 2679 335 2757 potione
358 2678 459 2740 datum
483 2680 687 2742 efficacissime
710 2679 811 2741 vulsos
835 2687 865 2740 et
883 2680 1063 2740 reumaticos
1083 2689 1180 2740 sanat.

109 2777 142 2828 51
251 2767 296 2827 lo
320 2785 385 2848 eos,
409 2771 460 2848 qui
484 2771 658 2848 sanguinem
681 2787 735 2848 per
758 2787 792 2829 os
817 2769 981 2849 proiciunt,
1009 2766 1182 2828 remedium

162 2855 233 2916 tale:
266 2855 372 2916 Testae
401 2859 487 2918 nucis
514 2860 635 2920 maioris
664 2857 825 2918 conbustae
853 2856 1012 2934 diligenter
1040 2863 1182 2918 terantur
1197 2877 1226 2918 eo

162 2951 192 3004 et
215 2962 284 3005 cum
307 2952 390 3006 aceto
414 2945 536 3026 dentur3
560 2946 610 3008 sed
631 2949 658 3006 si
676 2945 834 3027 febricitat,
855 2947 905 3006 cui
923 2943 1105 3005 medendum
1123 2955 1183 3026 est,

162 3050 231 3093 cum
257 3051 348 3112 posca
373 3037 499 3113 accipiat
527 3054 582 3114 pro
610 3035 711 3116 modo,
740 3042 774 3096 ut
797 3052 902 3096 causae
927 3039 997 3094 sunt
1020 3039 1072 3093 aut
1096 3043 1182 3095 aetas

161 3123 251 3182 unius
276 3124 421 3202 cuiusque
444 3125 571 3206 patitur,
599 3125 630 3185 id
654 3131 699 3185 est
722 3131 756 3184 ut
778 3125 867 3185 unius
891 3124 977 3183 nucis
1004 3128 1100 3182 testae
1127 3131 1185 3184 aut

162 3210 288 3272 duarum
311 3211 356 3272 vel
381 3215 468 3274 etiam
491 3215 582 3274 trium
607 3214 723 3274 dentur.

250 3346 424 3402 tinarescit.
513 3349 685 3403 3fistueam.
769 3345 945 3414 osingullis
1032 3345 1184 3404 9seilliti.

161 3417 359 3554 qsstitpqngnis
436 3425 471 3474 20
490 3421 783 3488 quentolumoumque.
865 3420 899 3468 23
920 3415 1029 3470 occulte
1047 3415 1113 3470 loea
1133 3420 1186 3474 vel
