2528 3814
543 138 787 202 -310-

157 306 216 364 ciet
244 301 425 363 observabis.
467 300 506 362 lli
533 309 603 362 suut
632 301 819 362 characteres
847 298 998 361 scribendi
1025 301 1178 362 inaurea

155 391 276 452 lamina:

427 479 451 539 L
501 483 537 539 Ψ
576 482 619 538 Μ
663 481 689 540 Θ
734 482 763 539 Κ
808 481 828 538 Ι
869 482 899 538 Α

428 567 899 628 Lamenta
1254 539 1255 626 l

428 655 451 716 n
501 661 536 716 Ψ
575 659 619 716 Μ
663 658 688 717 o
733 659 763 716 n
807 659 828 716 1
867 660 905 716 A.
1193 673 1204 712 a
1254 637 1255 732 l

104 759 138 809 27
247 746 388 826 Leporini
415 748 557 806 stercoris
585 743 692 824 pilulas
721 751 835 823 septem
859 752 923 804 tere
947 751 1071 806 etcum
1096 745 1180 808 dulci
1254 735 1255 774 ³

156 840 225 898 vino
249 835 342 897 colico
366 853 420 915 per
443 834 577 896 triduum
600 834 636 895 da
659 833 830 894 bibendum.
1254 849 1255 908 j

105 938 138 987 28
246 923 290 985 dd
310 923 368 986 coli
386 923 504 984 dolores
523 926 679 984 mentastri
697 922 776 1002 folia,
795 929 938 1001 quantum
957 921 1055 983 tribus
1073 923 1178 1002 digitis
1254 921 1255 958 ³

157 1013 381 1094 adprehendere
404 1015 552 1093 potueriS,
575 1012 661 1072 tolles
684 1012 784 1072 ethis
807 1011 917 1071 adicies
940 1009 1063 1072 feniculi
1087 1015 1177 1073 serni·

156 1106 203 1164 nis
227 1102 365 1163 cocliaria
388 1102 461 1182 duo;
483 1101 557 1162 haec
580 1103 612 1160 in
635 1119 729 1162 unum
752 1117 840 1179 quarn
862 1101 1062 1160 minutissime
1082 1109 1177 1181 teres,
1191 1120 1216 1158 ao
1254 1109 1255 1116 ¹

156 1190 346 1270 postmodum
366 1189 456 1250 addes
473 1191 535 1250 vini
553 1191 663 1249 veteris
682 1191 788 1267 optimi
802 1188 924 1268 cyathos
938 1196 1092 1268 quattuor,
1108 1198 1176 1251 tum

157 1277 327 1338 calefactam
351 1279 515 1357 potionem,
540 1283 683 1356 quantum
711 1277 823 1355 digitus
850 1279 913 1356 pati
934 1279 1046 1357 possit,
1072 1280 1175 1340 ieiuno

157 1364 315 1426 bibendam
343 1364 440 1446 dabis3
470 1367 611 1426 continuo
640 1373 744 1426 ventos
772 1368 889 1427 emittet
916 1373 947 1426 et
975 1365 1175 1428 deiectionem

157 1455 254 1516 faciet.
301 1453 383 1515 Hanc
411 1473 482 1532 ergo
510 1456 661 1533 potionem
689 1456 715 1514 si
742 1455 810 1533 quis
836 1454 937 1516 triduo
968 1473 1041 1516 usus
1072 1456 1175 1538 fuerit,

157 1545 290 1624 quamvis
313 1561 417 1622 graves
441 1543 498 1605 coli
521 1543 638 1604 dolores
661 1543 774 1604 evadet.
1187 1559 1209 1600 15

104 1645 137 1695 29
246 1632 389 1694 Gallinam
411 1651 465 1712 per
489 1639 584 1694 totum
608 1632 687 1693 diem
710 1650 726 1692 a
750 1630 816 1692 cibo
840 1631 1001 1714 abstinet03
1027 1632 1097 1694 dein
1120 1653 1174 1712 po·

158 1731 238 1783 stero
263 1722 310 1783 die
334 1739 490 1783 comeam
514 1721 669 1801 occideris,
693 1739 781 1782 crura
805 1723 869 1782 eius
890 1739 960 1782 curn
978 1721 1038 1782 sale
1057 1731 1088 1783 et
1106 1722 1174 1784 oleo

156 1814 285 1872 inassato
314 1818 344 1872 et
371 1813 471 1871 ieiuno
500 1810 607 1891 colico,
636 1812 687 1888 qui
713 1829 745 1871 se
773 1809 870 1888 pridie
893 1809 960 1870 cibo
984 1809 1174 1893 abstinuerit,

156 1899 360 1961 manducanda
383 1899 460 1981 dato,
483 1899 607 1960 mirifice
631 1899 788 1978 profueris.

104 2003 137 2051 30
246 1987 407 2068 Corydalus
431 1990 501 2064 avis,
524 1987 554 2048 id
578 1996 624 2048 est
643 2006 718 2066 quae
738 1986 842 2048 alauda
860 1995 991 2068 vocatur,
1015 2006 1090 2067 quae
1110 1991 1174 2051 ani·
1188 2005 1210 2045 eo

157 2097 221 2139 mos
244 2077 398 2138 hominum
422 2076 572 2138 dulcidine
595 2078 687 2137 vocis¹
700 2074 836 2156 oblectat,
860 2095 929 2137 cum
948 2095 1001 2136 sua
1020 2076 1121 2155 pluma
1140 2081 1176 2140 in

157 2185 226 2228 vaso
250 2165 334 2228 fictili
357 2174 479 2245 gypsato
503 2167 534 2226 in
557 2165 645 2226 furno
669 2167 766 2244 posito
789 2167 830 2225 ita
849 2165 1036 2245 conburitur,
1059 2175 1093 2226 ut
1112 2171 1176 2228 teri

156 2258 265 2337 possit3
298 2257 443 2316 contritae
475 2261 574 2315 autem
607 2255 801 2315 tenuissimus
827 2253 924 2334 pulvis
951 2256 1109 2334 reponitur
1142 2266 1176 2318 et

158 2361 225 2404 cum
255 2363 330 2423 opus
358 2345 462 2424 fuerit,
490 2361 526 2403 ex
552 2361 587 2403 eo
611 2342 747 2403 cocliaria
771 2343 830 2403 duo
854 2343 900 2403 vel
923 2344 981 2404 tria
1004 2362 1072 2404 cum
1095 2363 1175 2423 aqua

158 2431 251 2492 calida
269 2450 323 2512 per
341 2432 475 2493 triduum
494 2440 545 2493 aut
564 2431 762 2511 quadriduum
780 2431 901 2513 dantur3
920 2431 1094 2492 incredibile
1113 2433 1172 2494 hoc
1187 2450 1214 2491 aa

157 2519 258 2581 culicis
277 2521 452 2602 remedium,
472 2521 551 2600 quod
570 2521 643 2582 adeo
662 2520 793 2600 prodest,
811 2528 845 2580 ut
862 2522 961 2581 omnia
975 2521 1173 2583 medicamina

156 2611 262 2670 merito
286 2627 428 2690 superare
452 2610 596 2672 videatur.

104 2711 136 2759 31
247 2697 370 2758 Stercus
393 2716 541 2778 aprunum
563 2717 670 2759 recens
693 2700 724 2758 in
748 2717 824 2778 aqua
847 2700 1005 2759 remissum
1029 2699 1171 2760 colatum·

158 2805 215 2866 que
240 2804 307 2848 oum
332 2786 421 2846 mulsi
444 2787 547 2866 cotylis
566 2785 662 2848 trihus
682 2795 712 2848 et
729 2789 842 2866 piperis
861 2789 983 2848 contriti
1001 2789 1101 2866 granis
1119 2785 1172 2846 LX

157 2878 188 2935 in
211 2883 274 2936 tres
297 2877 433 2953 potiones
457 2875 584 2936 divisum
607 2876 818 2953 pertriduum
842 2877 942 2958 datur,
965 2878 1006 2936 ita
1028 2884 1063 2936 ut
1085 2877 1170 2954 prius
1184 2892 1211 2933 eo

157 2982 267 3043 corpus
295 2965 360 3024 eius
389 2962 487 3045 coliei,
515 2965 565 3024 cui
587 2965 669 3043 potio
694 2960 789 3026 danda
812 2973 866 3046 est,
889 2983 980 3044 acopo
1004 2982 1171 3043 perungua-

158 3065 216 3136 tur,
239 3061 273 3114 ut
296 3053 506 3132 perfrictiones
530 3070 633 3113 omnes
654 3061 756 3114 coacto
776 3054 884 3115 sudore
904 3053 1070 3135 discedant;
1094 3055 1171 3114 miro

104 3154 138 3202 32
158 3143 290 3204 remedio
314 3141 475 3204 sanabitur.
511 3141 655 3203 Sucinum
679 3142 788 3204 tundes
811 3151 841 3203 et
860 3161 896 3202 ex
915 3145 980 3204 eius
998 3143 1092 3203 farina
1111 3141 1170 3203 duo

157 3233 294 3294 cocliaria
322 3250 390 3293 cum
418 3249 493 3310 aqua
521 3250 582 3292 non
610 3233 735 3292 nimium
763 3231 890 3292 ferventi
918 3230 1045 3291 hibenda
1075 3230 1170 3292 colico

247 3369 444 3422 loaracieres.
492 3369 642 3422 astemus.
690 3364 951 3434 eadpraehindere.
1003 3370 1034 3418 13
1054 3365 1168 3420 emittit.

158 3441 191 3489 14
210 3438 333 3505 potione.
443 3443 475 3492 15
495 3438 597 3492 eradat
616 3443 665 3492 lna
683 3435 785 3491 evadet
801 3440 860 3492 tna.
967 3441 999 3490 17
1019 3451 1082 3490 com
1101 3433 1167 3489 sule.

158 3511 192 3558 20
211 3507 369 3562 coridallus.
443 3507 561 3562 animus.
635 3513 668 3561 29
689 3505 789 3561 cotilis.
862 3505 921 3576 LX]
942 3504 1013 3558 LXb
1032 3507 1102 3576 (sic).
