2528 3814
478 133 631 198 —287
681 169 718 178 -

96 295 182 354 cinus
210 295 331 373 sanguis
359 301 501 373 exceptus
529 301 559 354 et
586 294 757 373 coagulatus
785 313 819 355 ac
847 312 938 374 super
963 293 1107 356 carbones

95 388 212 442 assatus
234 384 265 442 in
289 381 356 442 cibo
380 383 466 443 datus
485 381 660 444 mirabiliter
679 382 859 463 profluvium
876 385 990 444 ventris
1009 401 1107 444 emen·

96 470 153 532 dat.
185 469 304 531 Corvini
323 489 433 532 cornus
452 471 488 532 dc
507 473 580 550 ipsis
598 471 757 551 radicibus,
778 490 853 550 quae
872 473 962 550 capiti
975 472 1108 554 haerent,
1126 484 1159 534 99

96 558 194 620 scobis
221 559 290 620 lima
317 561 511 620 tenuissimus
539 559 636 620 factus
664 568 693 620 et
717 560 753 621 ad
777 560 914 639 dragmae
938 577 1108 621 mensuram

51 666 164 719 ,ocum
192 649 253 708 vini
280 649 392 708 austeri
420 648 524 728 cyatho
549 647 635 709 datus
658 650 745 710 sistet
767 651 875 709 nimios
900 651 1013 710 ventris
1036 647 1109 709 fluo-

94 754 152 817 res,
177 737 204 796 si
226 735 273 795 vel
300 735 400 796 triduo
423 738 533 816 ingiter
555 736 683 798 bibatur.
725 736 813 798 Panis
837 739 954 798 anticus
973 755 1008 798 ex
1028 737 1103 798 lacte
1111 748 1161 798 100

94 842 226 903 capruno
255 824 396 886 decoctus
424 833 454 886 et
481 843 563 886 more
592 825 765 886 sorbitionis
788 829 901 887 ventris
924 825 1007 887 fluxu
1030 825 1108 886 labo·

94 915 173 973 ranti
195 912 242 973 bis
265 913 301 973 ad
321 913 400 974 diem
419 913 506 974 datus
525 915 584 974 cito
604 917 763 976 succurrit.
795 915 888 996 Aqua,
910 917 942 974 in
962 932 1020 994 qua
1039 932 1103 974 cor·
1111 924 1159 974 101

93 1003 169 1062 tices
197 1001 281 1062 fabae
309 1001 345 1062 ad
373 1003 476 1062 tertias
500 1003 640 1065 decoctae
664 1003 788 1082 luerint,
812 1006 837 1064 si
860 1003 993 1084 bibatur,
1016 1002 1108 1080 pluri-

54 1111 80 1150 1o
95 1109 177 1150 mum
196 1090 307 1170 cyliaoo
326 1089 468 1168 proderit.
499 1090 580 1151 Folia
598 1091 648 1152 lici
667 1093 794 1153 arelacta
813 1091 884 1173 sole,
908 1091 1016 1152 deinde
1035 1109 1104 1152 con·
1111 1100 1161 1150 102

94 1178 182 1239 busta
210 1187 240 1240 et
267 1181 298 1240 in
322 1180 453 1240 cinerem
476 1179 596 1240 redacta
619 1188 707 1260 atque
731 1199 767 1241 cx
790 1183 858 1241 vino
882 1189 1001 1242 austero
1024 1181 1109 1258 potui

94 1267 161 1328 data
183 1269 297 1329 renuis
319 1267 433 1328 fluxum
456 1267 617 1330 efficaciter
641 1269 753 1330 sedant

183 1356 310 1418 Medulla
337 1359 458 1417 vaccina
485 1375 554 1418 cum
581 1357 676 1418 farina
703 1360 788 1418 tenui
816 1358 938 1419 subacta
966 1365 996 1418 et
1020 1356 1102 1418 velut
1110 1369 1160 1418 103

95 1453 236 1506 excoctus
249 1447 335 1542 panis
349 1445 461 1506 cibatui
475 1445 541 1506 data
555 1447 630 1506 mire
645 1446 858 1526 dysintericum
873 1455 966 1526 sanat,
981 1447 1108 1506 maxime

53 1553 81 1594 15
96 1535 123 1593 si
145 1539 176 1592 et
198 1515 303 1593 caseds
325 1532 456 1594 bubulus
479 1551 585 1593 recens
609 1534 813 1594 manducetur.
850 1533 975 1612 Adipem
999 1551 1103 1612 capru·
1092 1543 1162 1594 104
1183 1535 1185 1542 '

94 1638 167 1681 num
190 1620 226 1680 de
250 1619 373 1680 renibus
397 1620 547 1681 sublatum
569 1623 662 1680 misce
686 1639 754 1681 cum
777 1620 914 1699 polentae
941 1620 1108 1681 furfuribus

95 1716 184 1788 atque
213 1707 295 1768 adice
323 1706 384 1768 illic
411 1709 561 1787 cyminum
589 1715 619 1768 et
647 1708 787 1769 anethum
811 1717 841 1769 et
865 1716 982 1769 acetum
1005 1710 1108 1786 aequis

94 1796 283 1900 portionibus
311 1803 399 1874 atque
427 1814 464 1856 ex
493 1814 568 1874 aqua
581 1783 730 1875 decoque
758 1805 788 1856 et
816 1796 944 1858 colatum
973 1795 1108 1857 sorbitio·

96 1887 143 1945 nis
172 1903 255 1946 more
283 1884 463 1964 dysinterico
492 1884 560 1944 dato
588 1885 781 1966 sumendum,
807 1886 882 1945 mire
911 1885 1108 1964 celeriterque

53 1995 81 2035 so
97 1972 263 2034 subvenies.
499 2049 507 2056 ᾖ

184 2060 242 2122 Lac
271 2061 403 2142 ovillum,
432 2061 511 2141 quod
539 2061 735 2122 candentibus
763 2061 878 2140 glareae
901 2061 1049 2142 lapidibus
1073 2063 1103 2122 in
1111 2072 1161 2122 105

94 2153 194 2230 ipsum
226 2149 271 2210 lac
300 2150 445 2210 demersis
478 2157 677 2230 excoquatur,
709 2150 891 2230 dysinterieo
923 2151 1007 2228 potui
1039 2167 1108 2210 cum

95 2241 168 2318 ipsis
196 2238 343 2317 lapidibus
372 2239 472 2300 datum
502 2241 577 2299 mire
601 2239 736 2320 prodest,
763 2241 804 2300 ita
827 2247 940 2320 tamen,
968 2246 1001 2298 ut
1023 2239 1107 2318 prius

96 2327 132 2388 dc
155 2329 221 2406 ipso
245 2327 320 2387 lacte
344 2345 444 2388 serum
468 2346 555 2389 omne
578 2327 707 2388 tollatur.

53 2435 80 2477 25
185 2415 273 2476 Iecur
300 2415 449 2477 hircinum
476 2419 602 2478 missum
630 2419 661 2477 in
692 2415 779 2476 ollam
810 2433 915 2476 novam
944 2433 1011 2477 cum
1041 2417 1159 2476 vinitoo

95 2506 208 2566 austeri
231 2504 342 2583 cotylis¹
358 2523 410 2566 sex
432 2505 469 2565 ad
492 2507 596 2566 tertias
620 2505 785 2586 decoctum,
809 2505 861 2565 sed
880 2505 950 2565 dum
970 2507 1107 2583 excoqui-

94 2601 145 2654 tur
172 2601 387 2674 conpunctum,
414 2603 449 2654 ut
475 2611 562 2654 umor
592 2595 657 2654 eius
685 2613 753 2654 cum
782 2595 850 2654 vino
880 2595 1106 2673 permisceatur,

94 2687 197 2760 postea
221 2681 400 2760 dysinterico
424 2683 509 2760 potui
532 2682 633 2746 datum
657 2682 818 2743 efficaciter
840 2682 971 2761 prodest.

184 2769 369 2848 Dysinterico
399 2777 429 2830 et
450 2772 613 2830 torminoso
638 2780 667 2830 et
695 2772 736 2851 ei,
764 2773 816 2848 qui
846 2773 903 2831 iam
927 2778 1159 2850 corruptumtot

51 2877 80 2917 oo
96 2859 271 2936 sanguinem
298 2859 406 2938 egerit,
434 2857 662 2919 saluberrimum
689 2859 939 2920 medicamentum
967 2867 1013 2920 est
1035 2857 1107 2919 tale:

94 2945 159 3006 Alei
182 2947 281 3024 spicae
303 2945 358 3005 llll
381 2954 411 3006 et
434 2965 487 3007 ova
510 2947 569 3007 duo
591 2949 707 3007 incocta
725 2949 756 3007 in
775 2966 868 3008 unum
887 2955 1026 3008 teruntur
1046 2947 1106 3007 bis·

95 3053 153 3114 que
177 3034 296 3094 additur
319 3036 381 3094 vini
403 3037 512 3094 veteris
536 3038 682 3096 sextarius
710 3044 740 3096 et
768 3038 907 3114 coquitur
931 3036 967 3095 ad
990 3037 1107 3114 tertias,

94 3122 164 3184 inde
193 3125 326 3203 ieiunae,
356 3141 443 3201 quam
471 3122 631 3201 plurimum
659 3132 771 3204 potest,
804 3127 829 3184 si
857 3123 979 3202 biberit,
1010 3122 1106 3181 effica-

95 3213 214 3272 cissime
246 3213 324 3272 intra
356 3211 490 3272 triduum
527 3221 654 3272 sanatur.
707 3211 880 3320 Spondogos
913 3218 959 3270 est
994 3209 1161 3287 lanugo108

186 3352 200 3400 1
221 3347 389 3401 coacolatna.
466 3351 484 3400 4
504 3345 602 3415 acopis.
681 3350 714 3400 14
733 3344 911 3414 dysinterico
994 3348 1028 3399 16
1043 3347 1108 3426 poet

95 3416 247 3472 furfuribus
265 3419 328 3473 odd.
347 3418 431 3474 iacta
526 3423 557 3472 18
577 3416 782 3472 sorbitionibus.
874 3420 906 3470 21
926 3420 987 3484 posi
1005 3413 1107 3486 lapidi·

95 3489 147 3542 bus
167 3489 230 3544 odd.
249 3488 280 3542 id
299 3490 350 3545 aab.
422 3495 456 3544 26
476 3487 563 3545 cotili.
637 3489 719 3546 t
737 3488 844 3544 humor
