2564 3794
498 116 736 180 -103-

111 281 176 338 sinc
195 277 379 338 dubitatione
399 275 521 336 sanabit.
560 276 665 337 Salicis
684 294 774 336 sucus
793 275 931 336 foliorum
951 293 1018 336 cum
1038 294 1123 336 rosae
1143 290 1176 339 88

111 385 184 428 suco
207 374 258 428 aut
281 383 402 425 rosaceo
425 364 491 424 oleo
515 367 545 424 in
570 367 681 424 cortice
703 364 772 424 mali
791 363 896 425 Punici
915 365 1074 426 calefactus
1094 373 1124 425 et

111 453 261 516 auriculae
280 454 392 513 inditus
411 455 487 513 mire
511 455 668 514 succurrit.
711 451 808 512 Gallae
832 471 867 512 88
891 455 959 513 8188
983 454 1123 515 decoctae
1142 466 1175 515 88

112 561 198 622 umor
220 541 380 603 instillatus
403 541 561 621 auriculae,
585 560 620 601 ex
645 559 702 620 qua
726 543 823 601 sanies
842 540 916 619 fluit,
940 544 1028 602 etiam
1048 560 1123 620 quae

1 685 2 712 ,
82 633 223 693 81888188
254 630 413 709 purulenta
441 629 587 709 purgabit.
633 629 743 690 Resina
771 628 971 690 terebinthina
999 633 1122 690 remissa
1142 641 1175 690 88

1 725 2 818 1
110 721 226 780 adiecto
254 717 392 780 muliebri
420 717 495 779 18888
523 717 663 778 1888111888
688 727 790 796 ruptas
814 717 962 778 auriculas
985 726 1123 795 potenter

1 825 2 836 ¹
110 817 203 868 88888.
248 807 341 868 Ν8818
368 806 514 885 iuglandis
541 807 680 867 foliorum
709 825 799 867 sucus
823 806 941 885 tepidus
964 805 1123 867 instillatus
1142 819 1175 868 89

1 945 2 960 2
110 896 222 956 dolenti
249 895 399 956 auriculae
426 897 501 956 mire
529 895 671 974 proderit.
717 894 832 974 Myrrae
861 896 948 954 tritae
976 896 1123 954 victoriati
1142 907 1175 956 88

109 987 244 1063 argentei
270 985 388 1063 pondus
415 994 446 1044 88
472 984 555 1044 18888
583 984 703 1044 sucidae
731 1002 790 1044 non
818 990 936 1061 carptae
960 981 1123 1042 conbustae

71 1089 96 1127 10
111 1073 242 1152 pulveris
261 1073 436 1132 tantundem
456 1073 555 1132 inluso
573 1090 660 1150 passo
675 1072 792 1132 Cretico
811 1072 899 1132 simul
916 1073 1013 1151 terito,
1029 1071 1123 1132 donec

109 1162 145 1222 ad
161 1161 389 1223 crassitudinem
405 1159 499 1220 mellis
513 1161 644 1241 redigas;
659 1170 721 1221 tum
737 1159 911 1220 calefactum
923 1178 977 1238 per
990 1159 1122 1220 triduum
1136 1231 1139 1235 Ι

108 1249 261 1310 auriculae
283 1249 441 1328 infundite,
465 1257 569 1327 quarta
593 1249 640 1308 die
665 1267 765 1309 sanam
789 1249 901 1308 efficies
925 1257 955 1308 et
975 1247 1122 1308 mirabere

109 1357 248 1417 magnum
276 1331 449 1398 remedium.
495 1337 585 1398 Turis
620 1337 758 1416 masculi,
790 1355 905 1416 myrrae
937 1337 1123 1417 troglodytis,
1141 1350 1174 1400 91

109 1429 192 1488 88881
215 1426 332 1506 Corycii
354 1425 528 1486 tantundem
552 1426 705 1506 ponderis,
734 1437 845 1486 nucum
869 1444 987 1505 quoque
1012 1443 1121 1486 amara·
1172 1425 1174 1430 ’

70 1528 95 1569 15
109 1533 177 1575 rum
196 1514 369 1575 tantundem
388 1513 541 1594 miscebis,
564 1514 615 1574 sed
638 1516 735 1574 omnia
754 1514 789 1573 ad
810 1532 955 1574 summam
974 1514 1123 1574 levitatem

110 1605 238 1663 contrita
257 1603 371 1662 adiecto
386 1610 470 1662 aceto
484 1602 673 1680 temperabis,
691 1605 732 1661 ita
747 1610 781 1662 ut
795 1601 977 1662 medicamen
992 1601 1029 1660 ad
1044 1620 1122 1661 8888-

110 1692 270 1752 situdinem
299 1691 405 1770 liquidi
432 1690 527 1750 mellis
553 1691 695 1770 adducas3
723 1697 787 1749 tum
813 1692 843 1748 18
867 1689 1005 1768 pyxidem
1029 1689 1122 1766 plum·
1147 1713 1149 1720 ’

109 1780 195 1840 beam
215 1779 389 1840 transiunde
408 1787 496 1857 atque
515 1777 574 1838 11118
594 1777 649 1838 888
669 1776 820 1855 signaculo
840 1777 991 1838 conditum
1006 1777 1122 1838 habeto.

110 1868 184 1929 Cum
208 1887 283 1947 opus
307 1869 406 1947 188818,
429 1875 554 1945 purgata
576 1868 661 1944 prius
684 1865 816 1925 auricula
839 1875 937 1942 utere,
966 1867 1006 1924 ita
1030 1873 1064 1926 ut
1087 1885 1123 1926 88

69 1969 95 2010 20
110 1976 145 2018 ec
173 1957 302 2017 lunulam
330 1955 523 2016 madefactam
555 1957 679 2014 inseras.
729 1953 791 2014 Hoc
822 1952 930 2013 auxilio
961 1971 1057 2032 usque
1086 1955 1122 2014 ad

109 2047 272 2125 perlectam
300 2047 457 2105 sanitatem
484 2045 678 2123 8818888818,
707 2060 835 2120 namque
862 2041 920 2102 888
949 2041 1043 2101 solum
1073 2041 1123 2101 do·

109 2135 188 2194 18888
216 2135 347 2214 aurium,
375 2132 427 2193 sed
456 2142 487 2192 et
514 2140 614 2192 vetera
642 2141 672 2192 et
699 2129 858 2210 purulenta
881 2131 952 2190 vitia
980 2131 1122 2208 potentis·

109 2225 183 2282 sime
207 2229 352 2300 expurgat
380 2230 410 2281 et
433 2229 523 2282 sanat.
570 2219 733 2280 Galbanum
756 2237 824 2278 rosa
851 2218 963 2296 liquida
990 2226 1041 2278 aut
1068 2237 1121 2279 un·
1141 2231 1174 2281 88

109 2319 219 2390 guento
248 2310 373 2370 nardino
397 2309 560 2369 delibutum
586 2307 820 2386 instillatumque
849 2305 980 2367 dolorem
1005 2310 1122 2368 aurium

68 2411 95 2452 25
108 2400 189 2459 lenit.
236 2398 361 2458 Alumen
391 2397 485 2458 mulso
513 2399 623 2476 optimo
652 2396 777 2456 dilutum
806 2403 836 2456 et
858 2395 924 2456 lana
947 2395 1121 2456 instillatum
1140 2408 1174 2458 93

108 2487 242 2548 dolorem
266 2489 382 2546 8881888
407 2494 498 2546 sanat.
535 2485 665 2545 Gallinae
688 2484 779 2563 adeps
797 2483 955 2562 liquefacta
975 2492 1004 2544 et
1023 2485 1122 2563 tepide
1140 2497 1175 2546 94

108 2576 249 2637 1888111888
278 2574 430 2654 quodlibet
457 2576 562 2634 vitium
590 2575 706 2633 aurium
734 2582 826 2633 sanat.
872 2571 946 2632 Galli
969 2572 1122 2650 gallinacei
1141 2585 1174 2634 88

108 2684 145 2726 er
168 2663 334 2724 ventriculo
357 2664 499 2723 interiore
523 2661 706 2740 membrana,
731 2679 805 2740 quae
829 2663 924 2738 proici
948 2660 1036 2742 solet,
1059 2679 1121 2720 are·

108 2755 186 2814 lacta
209 2755 339 2830 tritaque
363 2770 398 2811 88
422 2753 489 2811 8188
513 2750 628 2810 adiecto
651 2748 770 2828 paululo
790 2751 851 2827 opii
870 2748 1052 2809 medicamen
1072 2768 1121 2810 au·

67 2854 95 2894 ³0
108 2841 193 2902 ribus
221 2840 413 2901 utilissimum
439 2839 522 2920 iacit,
550 2839 628 2918 quod
658 2837 831 2898 calefactum
855 2838 988 2898 inlusum
1012 2856 1121 2915 suppu-

108 2932 254 2990 rationem
287 2931 352 2988 eius
384 2935 528 3008 expurgat
560 2935 590 2987 88
622 2935 714 2987 88888.
760 2925 857 3004 ddeps
888 2929 1023 2986 anserina
1053 2943 1122 2986 cum
1140 2938 1174 2987 88

109 3020 191 3078 88881
214 3036 286 3077 8888
310 3019 401 3077 mixta
424 3024 455 3076 88
478 3015 623 3094 tepefacta
647 3033 681 3074 ac
705 3016 748 3074 818
771 3014 869 3074 181888
888 3032 993 3092 aquam
1013 3023 1042 3073 et
1061 3031 1121 3074 om·

108 3125 178 3166 nem
206 3123 341 3164 umorem
370 3105 406 3164 de
435 3103 576 3164 auriculis
604 3109 706 3162 evocat
734 3109 764 3162 et
790 3109 938 3180 persanat.
984 3101 1069 3172 Quod
1096 3103 1122 3160 si

108 3212 144 3253 ex
177 3196 239 3254 ictu
272 3191 365 3252 aliove
393 3210 463 3252 casu
492 3192 625 3252 auricula
652 3193 752 3250 vitiata
780 3191 883 3270 fuerit,
915 3199 978 3250 tum
1007 3207 1061 3266 per
1088 3207 1121 3249 se

180 3397 329 3453 ainditur.
385 3395 604 3451 otarcbentina.
662 3395 780 3448 188818.
841 3392 977 3446 88818888
996 3393 1059 3446 item
1079 3399 1119 3448 13.

108 3467 321 3524 labrocloditis.
368 3467 534 3522 8888881888.
576 3465 741 3520 8481188888
753 3464 911 3520 Careamus.
949 3467 983 3517 29
998 3462 1120 3532 peulolo.

1156 3657 1274 3738 A
