2636 3790
507 84 735 149 ...55-

119 251 211 309 mixta
235 249 266 307 in
289 246 408 308 vasculo
432 249 527 307 vitreo
551 245 699 327 habenda3
727 265 795 308 cum
823 265 945 308 necesse
969 250 1040 330 erit,
1064 268 1133 310 con·

119 335 307 416 spargendus
330 338 361 396 in
385 335 501 397 balineo
525 338 615 416 capiti
637 335 686 396 hic
710 335 807 414 pulvis
828 335 874 396 vel
891 336 1042 418 memhris,
1061 339 1133 400 dum

119 425 217 485 adhuc
241 426 320 485 sicca
344 433 425 504 sunt,
449 423 479 484 id
504 432 549 484 est
572 431 730 503 antequam
754 424 870 505 sudent,
893 432 924 485 et
947 426 1133 504 perfricanda

119 513 297 592 diutissime,
321 521 515 592 posteaquam
538 512 690 593 pulverem
714 515 932 594 consperseris3
963 513 1069 576 dehiuc
1093 515 1132 576 la-

92 601 247 662 evandum
272 609 361 681 caput
384 603 415 662 iu
438 601 535 662 calore
560 602 666 680 lrigida
689 620 764 681 aqua
788 609 818 662 et
840 600 1071 684 observandum,
1095 622 1132 664 ne

117 693 149 750 iu
173 689 298 750 calidam
322 699 410 768 caput
433 709 563 772 mergas,
591 693 622 750 in
646 690 782 768 frigidam
807 708 893 772 sane,
922 693 1060 769 quotiens
1084 711 1131 752 vo·

118 778 221 858 haeris,
250 796 349 856 merge
379 787 408 838 et
431 787 533 858 postea
557 778 665 840 sabano
690 778 848 857 diligenter
871 781 994 840 exsicca.
1042 778 1131 840 Con·
1152 791 1185 839 18

119 867 231 927 lectio
264 868 339 928 sive
371 867 567 946 dispositio
600 867 801 947 emplastri,
830 869 891 928 cui
920 866 1132 928 vocabulum

118 964 172 1016 est
197 955 407 1015 dictamnos.
454 955 601 1016 Dictamni
624 964 698 1034 part.
724 954 815 1035 XXV,
838 955 1028 1018 chamaemeli
1057 964 1132 1036 part.

81 1058 105 1098 ιο
119 1042 210 1123 XIIII,
230 1043 362 1122 sphagnu
383 1053 457 1123 part.
477 1043 563 1124 Vllll,
587 1046 688 1124 cyperi
707 1053 780 1124 part.
801 1043 861 1125 Vll,
879 1044 959 1124 poliu
978 1053 1053 1125 part.
1070 1044 1132 1128 Xll,

117 1132 193 1193 lithu
227 1141 333 1211 gagatu
370 1142 444 1212 part.
473 1132 536 1213 Vll,
571 1151 656 1193 cerae
689 1134 773 1194 rulae
806 1142 880 1212 part.
910 1132 977 1215 XII,
1015 1136 1131 1195 resinae

117 1219 336 1281 terebinthinae
359 1230 433 1300 part.
454 1219 546 1302 XIIII,
575 1224 773 1284 ammoniacae
796 1229 896 1300 guttae
921 1231 995 1302 part.
1015 1221 1130 1296 XXXV,

116 1309 276 1388 propoleos
304 1317 378 1387 part.
402 1309 468 1391 XII,
496 1309 640 1390 psimithii
667 1319 741 1390 part.
765 1310 836 1392 XII,
864 1311 1031 1372 chalcanthi
1054 1320 1129 1391 part.

117 1397 240 1478 XXIIII,
268 1397 384 1476 galbani
411 1407 485 1479 part.
509 1397 599 1480 XXV,
628 1398 846 1479 chamaepityos
874 1407 949 1478 part.
973 1399 1050 1480 VIII,
1079 1402 1130 1461 tri·

76 1501 102 1542 ra
117 1485 180 1546 lolii
212 1496 286 1564 part.
314 1486 381 1567 llll,
413 1486 565 1565 pentaiolii
592 1495 667 1566 part.
695 1487 762 1570 llll,
794 1487 979 1548 aristolociae
1009 1505 1130 1568 grossae

115 1582 192 1654 part.
212 1573 330 1656 XXXV,
363 1583 539 1636 centaureae
572 1584 623 1636 aut
653 1578 807 1654 gentianae
835 1585 910 1655 part.
930 1575 998 1656 XII,
1028 1575 1129 1636 lithar-

115 1665 181 1742 gyri
204 1671 279 1742 part.
298 1663 358 1744 CL,
382 1666 497 1724 resinae
521 1663 684 1724 colofoniae
707 1673 781 1742 part.
806 1663 841 1744 L,
866 1682 918 1742 ges
941 1663 1127 1742 ampelitidos

114 1760 192 1831 part.
215 1750 296 1832 XXI,
323 1754 399 1830 picis
422 1751 554 1813 Bruttiae
578 1752 625 1813 vel
648 1755 758 1831 siccae,
787 1754 812 1812 si
840 1770 875 1830 ge
899 1751 1046 1830 ampelitis
1070 1769 1130 1810 non

115 1841 222 1921 fuerit,
254 1847 328 1918 part.
353 1840 420 1920 XII,
452 1840 566 1919 lepidos
594 1839 713 1919 chalou,
744 1839 774 1900 id
803 1847 849 1900 est
877 1857 1016 1918 squamae
1049 1839 1130 1918 lerri,

74 1943 100 1984 eo
114 1937 193 2009 part.
212 1927 316 2008 XVIII,
345 1928 496 2008 diphrygis
524 1936 599 2007 part.
624 1928 702 2008 VIII,
731 1927 810 1988 aloes
838 1937 913 2007 part.
933 1926 1010 2007 XVI,
1039 1927 1130 1988 libani

115 2017 319 2078 candidissimi
342 2025 416 2097 part.
436 2016 504 2097 XII,
528 2019 707 2096 opopanacis
730 2025 804 2096 part.
829 2015 893 2096 Vll,
919 2015 1130 2095 chamaedryos

113 2114 190 2186 part.
206 2105 282 2186 XII,
314 2105 457 2166 marrubii
485 2113 560 2184 part.
584 2105 650 2181 Xll,
682 2107 849 2167 artemisiae
882 2113 956 2185 part.
980 2103 1047 2184 llll,
1076 2106 1129 2164 iris

113 2194 249 2274 Illyricae
277 2202 352 2273 part.
372 2193 434 2275 Vll,
462 2193 639 2256 libanotidos
663 2203 738 2273 part.
758 2193 807 2275 Vl,
835 2193 893 2256 olei
920 2196 1029 2254 veteris
1053 2200 1128 2272 part.

114 2281 242 2365 XLVIII,
260 2285 376 2344 resinae
396 2284 527 2361 pituinae
542 2291 616 2362 part.
631 2282 722 2364 XXll,
740 2283 844 2344 chalou
858 2301 1040 2344 cecaumenu
1054 2289 1129 2362 part.

73 2387 99 2428 aa
115 2371 219 2452 XVIII,
238 2371 324 2432 miltu
342 2379 417 2450 part.
431 2370 494 2451 Xll,
514 2370 686 2432 chalcitidos
707 2380 780 2450 part.
795 2371 830 2453 X,
849 2391 965 2452 myrrae
980 2380 1055 2451 part.
1070 2370 1129 2450 Vll,

114 2463 156 2540 iu,
176 2461 207 2520 id
226 2467 271 2520 est
286 2461 445 2539 aeruginis,
464 2467 539 2538 part.
554 2459 575 2520 l.
610 2459 714 2521 Oleum
735 2469 828 2542 vetuS,
848 2470 991 2539 quantum
1009 2463 1129 2521 mitten·
1150 2469 1182 2517 19

114 2549 188 2610 dum
212 2549 303 2609 fuerit
326 2567 380 2628 pro
404 2548 491 2608 modo
515 2551 682 2627 specierum
705 2567 795 2628 supra
818 2551 1005 2628 scriptarum,
1029 2550 1129 2610 mittes

113 2640 147 2698 in
171 2637 259 2698 ollam
283 2655 387 2698 novam
411 2646 441 2697 et
465 2636 618 2698 calefacies
642 2637 701 2697 leni
724 2637 839 2698 llamma
864 2637 910 2698 vel
928 2639 1027 2717 potius
1052 2639 1129 2716 igne,

114 2735 190 2787 tunc
208 2729 318 2805 mittes,
338 2725 389 2786 sed
409 2724 549 2804 paulatim
569 2725 605 2786 de
625 2743 714 2786 manu
732 2728 916 2806 inspergens,
935 2725 1130 2804 lithargyrum

72 2831 100 2871 ao
114 2815 194 2876 bene
209 2817 315 2875 tritum
332 2821 362 2874 et
376 2813 498 2875 adsidue
515 2813 696 2893 spathomela
711 2813 844 2895 agitabis,
860 2832 1016 2894 quousque
1031 2813 1129 2873 oleum

113 2903 189 2964 illud
213 2905 253 2964 ita
277 2903 435 2984 inficiatur,
458 2910 492 2963 ut
513 2903 642 2963 colorem
662 2902 817 2982 lithargyri
835 2902 932 2963 trahat
951 2910 981 2962 et
999 2900 1129 2980 aliquau-

113 2991 212 3052 tulum
237 2993 406 3070 spissescat,
429 3001 532 3070 postea
551 2999 602 3052 aut
620 2994 717 3070 picem
735 2990 880 3052 Bruttiam
900 2993 1000 3052 tritam
1019 2992 1129 3068 mittes,

189 3167 204 3216 9
225 3161 392 3216 chamomili.
475 3167 508 3216 to
527 3170 636 3230 stagno.
721 3166 751 3214 11
772 3159 850 3215 rufae
870 3177 920 3216 om.
1005 3165 1037 3212 12
1056 3165 1129 3213 tere-

114 3231 259 3287 bentinae.
332 3232 484 3288 ammunici
502 3235 591 3304 gutta.
667 3238 698 3286 13
717 3230 861 3301 psimithii.
924 3235 955 3284 18
975 3231 1060 3284 durae
1075 3243 1130 3297 pro

113 3303 253 3358 Bruttiae.
331 3321 388 3373 ges.
464 3309 495 3358 19
516 3319 640 3372 squama.
718 3307 753 3356 20
773 3303 902 3371 difrygas.
985 3298 1128 3353 marturii.

115 3381 150 3429 30
180 3372 337 3444 spatomeli.
428 3379 461 3427 31
488 3374 517 3428 iu
540 3375 604 3429 odd.
631 3378 695 3430 onte
718 3373 932 3442 aliquantulum.
1023 3374 1056 3424 32
1080 3369 1130 3424 tri·

113 3447 175 3500 tam
190 3461 241 3500 om.
