2564 3794
474 151 716 215 -107-

81 312 166 372 culae
185 330 246 372 non
265 310 412 371 audientis
431 311 584 392 infundes3
602 310 660 371 hoc
679 314 843 374 remedium
863 317 951 375 ctiam
966 314 1098 374 dolorem

3 458 4 463 ,
81 400 228 460 emendat.
260 398 397 480 Herbam,
416 418 492 479 quae
511 399 621 460 Gallice
641 400 1151 482 diciturbluttbagio,nascitur132

3 505 4 578 q
80 489 155 549 locis
184 488 305 567 umidis,
333 506 397 548 eam
420 499 502 548 teres
525 507 690 568 sucumque
715 492 792 570 eius,
820 493 936 551 etiamsi
964 492 1099 552 modicus

82 577 183 657 suerit,
202 595 271 638 cum
290 577 406 637 modico
421 579 498 637 aceti
512 577 678 638 confundes
693 587 722 637 et
736 581 848 656 pariter
862 587 942 640 teres
957 579 1098 640 colatum·

2 707 3 734 t
53 684 141 745 aque
160 684 194 726 ac
213 665 393 744 tepefactum
413 665 535 726 auribus
554 665 721 727 instillabis.
755 666 873 728 Radicis
893 667 1030 747 Syriacae
1045 679 1150 728 su-tae

1 741 3 832 l
81 771 150 814 cum
174 756 204 813 in
229 771 339 834 aurem,
365 772 439 833 quae
462 755 565 815 auditu
589 753 703 815 diliicili
726 756 792 835 erit,
816 755 948 836 iniunde,
971 757 1098 834 gratula-

80 842 163 902 beris
186 841 360 918 remedium.

521 1035 601 1096 cle.
625 1035 660 1096 X.

121 1148 177 1204 Ad
200 1147 311 1203 omnia
333 1147 415 1202 vitia
436 1145 572 1202 narium
595 1149 631 1202 et
653 1149 698 1203 ad
719 1147 878 1217 pituitam
904 1149 1055 1204 remedia

106 1235 244 1308 physica
275 1239 311 1291 et
341 1235 553 1292 rationabilia
585 1236 719 1292 diversa
751 1238 794 1293 dc
827 1237 1069 1306 experimentis

489 1325 686 1381 multorum.

137 1483 139 1486 ·
170 1458 348 1539 Plerumque
368 1461 498 1536 erumpit
516 1461 627 1521 nimius
644 1460 796 1521 enaribus
812 1463 941 1540 sanguis,
961 1463 1095 1539 quicum
1116 1471 1130 1520 1

80 1548 265 1609 abundanter
284 1548 378 1626 lluxit,
400 1549 459 1608 uisi
478 1548 605 1608 celerius
625 1551 837 1630 supprimatur,
859 1549 1026 1627 periculum
1046 1549 1095 1609 ad·

42 1655 66 1693 10
80 1638 147 1698 lert.
189 1636 326 1696 Proderit
349 1655 419 1715 ergo
443 1653 518 1714 aqua
545 1635 649 1714 lrigida
672 1637 718 1696 vel
741 1655 831 1714 posca
855 1637 980 1697 subinde
1004 1645 1095 1696 totam

79 1727 185 1786 iaciem
213 1744 266 1803 per
293 1725 438 1802 siongiam
461 1724 647 1803 refrigerare.
697 1725 821 1785 Acetum
846 1743 914 1785 acre
938 1724 1131 1784 inluuderca

79 1817 110 1874 in
138 1831 240 1874 aurem
268 1813 402 1893 prodest,
431 1815 517 1873 cuius
545 1832 560 1872 e
590 1814 711 1890 regione
740 1815 859 1891 sanguis
883 1811 961 1892 iluit,
991 1814 1096 1872 autin

80 1912 237 1980 utramque
271 1903 402 1981 mittere,
435 1903 461 1960 si
494 1919 529 1960 ex
558 1907 685 1979 utraque
713 1919 784 1960 nare
813 1899 950 1960 manabit.
997 1899 1129 1979 Gypsot

79 1999 171 2050 totam
191 1991 296 2050 faciem
316 2009 384 2050 cum
404 1991 501 2049 fronte
521 1997 551 2049 et
570 1991 695 2048 maxime
715 2006 802 2048 nares
817 1990 948 2048 crassius
962 1987 1095 2048 oblinere

42 2093 67 2134 15
80 2079 203 2157 prodest
230 2087 260 2138 et
288 2087 378 2157 caput
405 2078 511 2155 frigida
540 2096 614 2156 aqua
638 2077 729 2137 multa
749 2076 937 2157 perfundere.
983 2076 1131 2138 (incur-4

79 2168 172 2228 bitam
209 2185 328 2246 quoquc
364 2165 569 2226 medicinalem
601 2167 740 2243 occipitio
773 2165 901 2243 adfigere
934 2165 1096 2244 plurimum

79 2255 216 2334 prodest,
243 2257 355 2315 inicere
383 2264 482 2315 autem
510 2257 592 2314 intus
619 2255 650 2313 in
678 2272 779 2314 narem
806 2253 956 2333 oportebit
978 2252 1094 2314 cocleae

79 2347 162 2404 vivae
190 2361 310 2403 carnem
337 2361 391 2422 per
419 2362 451 2403 se
480 2352 531 2404 aut
554 2361 621 2402 cum
646 2345 723 2402 turis
745 2342 854 2422 polline
878 2345 988 2402 tritam.
1024 2339 1129 2403 Ver-t

80 2433 186 2492 henam
209 2430 345 2512 herbam,
373 2450 462 2512 quae,
491 2433 558 2510 quia
583 2431 674 2491 multa
698 2441 743 2492 est
767 2441 796 2492 ct
819 2430 930 2510 ubique
953 2431 1095 2508 nascitur,

41 2537 66 2575 ac
80 2520 242 2599 polygonos
261 2519 434 2600 appellatur,
453 2522 546 2580 inseri
562 2519 685 2580 naribus
700 2519 830 2598 prodest.
868 2519 1010 2579 Similiter
1025 2519 1096 2578 iacit

80 2619 109 2669 ct
132 2608 321 2687 lysimachios
344 2608 436 2669 herba
459 2611 530 2668 trita
553 2611 689 2686 inposita.
736 2607 847 2669 Eodem
873 2626 982 2686 genere
1006 2607 1093 2686 prod·

79 2701 138 2758 crit
160 2707 190 2757 et
213 2697 345 2775 sfungiae
368 2696 544 2775 particulam
567 2707 750 2775 praesectam
779 2705 846 2776 apte
874 2697 976 2756 forfice
1003 2703 1034 2756 et
1059 2694 1094 2754 ad

79 2785 304 2864 amplitudinem
324 2787 440 2845 narium
459 2785 615 2863 figuratam
629 2788 742 2846 inicere
758 2784 844 2865 paulo
858 2787 992 2862 pressius
1011 2791 1094 2844 aceto

79 2875 219 2934 infectam
239 2882 269 2934 ct
289 2875 439 2934 interdum
464 2873 568 2933 codem
591 2875 765 2952 inspersam.
811 2871 909 2932 Gallae
933 2883 963 2932 ct
986 2871 1092 2932 chalci-
1114 2884 1129 2932 6

41 2963 151 3024 attidis
170 2962 266 3041 pulvis
286 2963 404 3022 curiose
422 2964 513 3021 tritus
532 2971 621 3041 atque
639 2965 670 3022 in
685 2981 778 3023 unum
793 2963 896 3040 aequis
911 2959 1094 3038 ponderibus

80 3053 191 3111 mixtus
214 3053 406 3128 insertusque
426 3049 547 3110 naribus
567 3053 677 3128 optimc
697 3052 871 3128 sanguinem
890 3051 977 3109 sistit.
1014 3048 1094 3108 Rene
1114 3057 1129 3106 7

79 3141 240 3218 supprimit
259 3149 288 3199 et
307 3139 362 3199 hoc
382 3137 629 3198 medicamentum
648 3141 820 3216 sanguinem
840 3138 876 3198 de
891 3137 1013 3196 naribus
1027 3155 1094 3215 pro·

79 3227 236 3288 liuentem:
259 3227 327 3287 Mali
346 3229 477 3304 corticis,
496 3245 555 3305 quo
574 3229 693 3287 coriarii
713 3235 847 3306 utuntur,
866 3225 897 3285 P.
911 3224 933 3304 l,
955 3224 1094 3284 aluminis

79 3317 216 3396 Aegyptii
239 3315 269 3375 P.
284 3315 306 3395 l,
330 3314 496 3376 chalcitidis
519 3314 550 3374 P.
568 3314 589 3374 l.
635 3315 798 3392 Diligenter
821 3316 891 3374 trita
914 3312 986 3371 haec
1011 3314 1094 3370 etin

152 3501 318 3557 thumidis.
392 3501 549 3556 edifficile.
625 3508 657 3556 18
676 3499 819 3570 pollinem.
897 3503 931 3551 24
949 3495 1093 3550 colchidis.
