2564 3794
555 112 781 178 Ι--96--

115 293 148 342 23
168 279 288 358 proprie
312 286 342 337 et
365 279 452 340 unice
471 277 586 338 tollunt.
621 276 712 337 Pueri
729 277 852 336 investis
871 277 958 336 urina
976 293 1082 336 recens
1100 278 1178 336 auri·

168 365 251 427 culae
280 365 392 426 dolenti
420 375 450 426 et
477 366 630 426 ulcerosae
657 363 798 425 instillata
825 365 907 424 omni
934 381 1039 424 umore
1067 365 1178 425 siccato

114 470 149 518 24
168 463 198 516 et
221 453 353 514 dolorem
377 453 454 516 tollit
476 462 507 514 et
524 453 626 514 ulcera
644 455 720 514 mira
738 451 890 513 celeritate
908 459 1056 531 persanat.
1093 452 1178 514 Lotio

166 543 297 604 humano
317 551 417 604 vetere
433 545 458 602 si
472 543 538 621 quis
554 544 612 602 iam
632 542 821 620 desperatum
840 542 958 601 aurium
977 542 1080 601 vitium
1099 540 1179 602 elue·

114 645 149 694 25
168 634 221 711 rit,
254 631 341 692 saluti
370 633 503 709 integrae
533 629 623 690 lenito
653 629 754 690 dolore
781 631 928 690 restituet.
974 627 1027 688 Fel
1057 628 1207 690 ovillums

167 719 263 780 mulso
288 721 413 780 mixtum
437 721 463 779 si
486 718 625 798 clysterio
649 717 798 778 addideris
821 725 852 778 et
874 716 944 778 inde
967 716 1116 778 auriculas
1134 720 1178 778 in·

167 811 318 890 rigaveris,
342 809 513 887 expurgatis
538 806 690 868 ulceribus
714 808 911 867 certissimam
935 807 1091 866 sanitatem
1109 825 1179 866 con·
1263 883 1264 892 ἵ

169 899 318 978 sequeris,
350 897 429 956 idem
457 895 497 955 sel
525 914 593 956 cum
620 895 696 956 lacte
724 894 858 955 mulieris
886 893 1062 955 instillatum
1090 897 1179 955 etiam

116 998 150 1047 26
169 992 273 1063 ruptas
295 987 423 1051 interius
447 984 594 1045 auriculas
618 985 784 1044 certissime
808 991 900 1044 sanat.
937 981 1093 1043 Coriendri
1111 985 1179 1044 riri-

167 1073 213 1133 dis
242 1091 332 1134 sucus
362 1091 430 1134 cum
462 1071 538 1133 lacte
570 1071 709 1133 muliebri
736 1073 847 1132 mixtus
878 1072 996 1132 infusus
1028 1072 1179 1134 auriculae
1195 1090 1223 1130 ιο

114 1173 148 1223 22
169 1159 301 1220 dolorem
325 1178 443 1220 omnem
466 1167 604 1238 potenter
627 1161 733 1221 aufert.
777 1159 908 1220 Gannabi
931 1161 1053 1221 seminis
1075 1161 1179 1221 viridis

116 1261 150 1310 28
170 1265 261 1308 sucus
280 1256 384 1328 tepens
402 1247 562 1308 instillatus
581 1247 704 1308 auribus
719 1247 852 1308 dolorem
866 1249 962 1326 prime
976 1247 1062 1309 tollit.
1089 1248 1178 1309 Sene·
1263 1315 1264 1324 χ

168 1337 262 1396 cionis
289 1335 399 1396 herbae
428 1354 518 1396 sucus
543 1337 647 1396 itidem
670 1335 792 1397 auribus
815 1338 948 1397 insertus
971 1337 1094 1398 eandem
1117 1337 1179 1398 effi·
1263 1331 1264 1354 ¹

169 1425 280 1484 caciam
306 1431 451 1505 praestat,
480 1424 558 1502 quod
586 1424 622 1485 ab
650 1432 774 1504 experto
803 1427 947 1504 scriptum
970 1433 1001 1485 et
1027 1425 1179 1504 proditum
1263 1485 1264 1510 ,

115 1525 149 1575 29
169 1519 223 1573 est.
261 1511 294 1572 Si
316 1513 449 1574 auricula
472 1512 571 1592 aliquo
590 1521 676 1592 pacto
695 1514 796 1574 vitiata
814 1513 913 1594 suerit,
937 1515 1075 1574 anserina
1093 1515 1179 1592 adipe
1195 1533 1224 1574 15

115 1615 150 1664 30
168 1601 268 1662 inlusa
291 1601 449 1680 diligenter
472 1601 686 1680 expurgabitur
710 1603 887 1680 sanitatique
910 1602 1060 1662 reddetur.
1105 1602 1179 1663 Con·

167 1691 276 1769 positio
299 1690 503 1750 medicaminis
526 1690 563 1750 ad
581 1691 680 1751 omnia
699 1689 761 1749 lere
780 1691 897 1750 aurium
916 1692 986 1750 vitia
1005 1693 1061 1750 sic:
1084 1690 1179 1751 Mellis
1263 1711 1264 1720 ¹

167 1780 344 1860 sextarium,
367 1781 443 1839 aceti
466 1778 542 1839 bene
566 1780 643 1838 acris
666 1777 830 1858 heminam,
859 1779 975 1839 radices
999 1796 1075 1856 quae
1098 1797 1179 1838 man·
1263 1785 1264 1834 ἐ

168 1867 316 1928 ducantur
343 1875 407 1928 tres
436 1869 537 1928 mittes
564 1869 595 1926 in
624 1865 711 1926 ollam
744 1867 850 1928 rudem
881 1866 958 1927 bene
990 1867 1093 1948 lotam,
1126 1867 1179 1928 sed
1263 1865 1264 1872 '

167 1956 323 2016 mundatas
351 1963 382 2016 et
408 1957 539 2034 integras
566 1955 683 2016 radices
705 1958 806 2016 mittes
829 1962 859 2016 et
881 1957 993 2033 pariter
1017 1955 1180 2036 decoques3
1195 1974 1224 2014 so

168 2044 221 2105 sed
244 2053 278 2105 ut
300 2063 361 2104 non
383 2044 578 2120 refrigeretur
600 2043 794 2123 medicamen,
819 2045 908 2104 citato
932 2045 1001 2122 igue
1024 2061 1120 2122 usque
1143 2045 1180 2104 ad

167 2132 289 2193 modum
311 2133 367 2193 luti
390 2133 553 2210 aquationis
577 2131 774 2212 decoquatur,
801 2131 908 2192 deinde
932 2149 1000 2193 oum
1023 2133 1179 2212 refrigera·
1263 2149 1264 2212 t

167 2229 232 2281 tum
260 2221 360 2299 luerit,
389 2219 498 2280 condes
522 2218 595 2280 illud
618 2222 649 2280 in
672 2219 790 2280 vasculo
814 2221 908 2281 vitreo
932 2239 967 2280 ac
990 2221 1179 2302 tepefactum,

168 2308 309 2386 quamdiu
338 2307 471 2368 dolorem
499 2314 529 2368 et
551 2309 692 2368 tinnitum
715 2309 762 2368 vel
785 2309 916 2369 sonitum
939 2309 1088 2370 auriculae
1111 2329 1179 2389 per·

116 2409 149 2458 31
168 2396 272 2470 leniat,
297 2397 329 2456 in
352 2413 454 2456 aurem
478 2395 514 2456 de
538 2395 659 2475 specillo
683 2396 829 2457 infundes.
875 2396 1033 2458 Infirmatis
1057 2398 1180 2459 auribus
1195 2415 1224 2456 es

168 2484 292 2564 prodest
309 2485 469 2563 praecipue
488 2485 563 2562 picis
581 2484 646 2565 llos,
662 2503 751 2564 quern
764 2485 931 2564 pisselaeon
946 2485 1051 2547 Graeci
1064 2496 1180 2568 vocant,
1263 2553 1264 2556 ,

169 2591 238 2634 cum
266 2571 330 2633 oleo
359 2573 510 2633 communi
538 2574 661 2652 mixtur,
693 2575 734 2634 ita
767 2581 802 2634 ut
829 2577 917 2635 tertia
948 2593 1018 2654 pars
1046 2577 1086 2636 sit
1113 2576 1180 2638 olei.

168 2660 241 2720 Nam
265 2669 295 2721 et
319 2660 452 2721 dolorem
471 2661 554 2721 sedat
573 2668 603 2721 et
621 2679 681 2721 non
700 2663 830 2740 patietur
851 2665 1096 2741 suppurationem
1114 2665 1181 2724 fieri

169 2757 199 2810 et
218 2751 244 2809 si
262 2749 338 2810 lacta
357 2749 457 2827 luerit,
478 2749 582 2809 eodem
602 2749 795 2810 medicamine
814 2759 998 2830 persanatur.
1035 2751 1079 2811 Ad
1099 2769 1178 2811 sum·

167 2851 247 2898 mam
270 2855 324 2917 ego
347 2839 413 2917 ipse
436 2838 487 2898 diu
510 2845 633 2898 vexatus
657 2840 738 2898 auris
760 2839 873 2916 taedio,
900 2857 969 2900 oum
992 2838 1093 2899 multis
1117 2839 1179 2900 lru-
1195 2855 1225 2897 eo

169 2935 230 2987 stra
257 2944 331 2988 usus
359 2943 457 2986 essem
483 2925 719 3002 medicamentis,
752 2926 788 2987 ab
819 2927 877 2988 hoc
910 2945 975 2988 sum
1002 2935 1180 3007 persanatus
1263 2987 1264 2990 ,

169 3022 199 3074 et
231 3013 303 3075 alios
332 3013 490 3094 conplures
523 3017 630 3075 sanavi.
676 3013 794 3075 Florem
823 3023 921 3076 autem
948 3017 1023 3094 picis
1054 3016 1180 3098 appello,

170 3105 222 3182 qui
256 3105 416 3184 excipitur,
447 3103 518 3165 dum
546 3121 580 3163 ea
613 3105 764 3184 coquitur,
796 3103 861 3164 lana
894 3106 1082 3183 superposita
1114 3107 1181 3167 eius
1263 3177 1264 3182 .

169 3194 283 3274 vapori3
306 3192 363 3253 hoc
386 3193 475 3252 etiam
499 3210 617 3271 gravem
641 3192 763 3252 odorem
787 3191 823 3252 de
847 3211 917 3253 aure
936 3195 1074 3272 protinus
1093 3193 1181 3257 tollit.

240 3335 255 3384 6
274 3328 366 3382 mulso
385 3343 435 3382 om.
527 3333 559 3380 12
583 3327 685 3398 prime]
709 3325 835 3396 apprime
855 3324 1015 3383 Carnarius.
1106 3331 1183 3385 seni·

169 3397 265 3453 cionis.
321 3402 359 3464 ldv
373 3397 511 3453 anserina.
566 3403 599 3451 22
614 3397 679 3470 luti]
699 3397 752 3452 liti.
806 3402 840 3452 26
854 3396 966 3466 spicilli.
1021 3398 1181 3458 infirmitas.

170 3473 202 3520 31
225 3467 482 3538 compersonatus]
504 3484 587 3538 super
605 3471 727 3523 sanctus.
