2518 3806
532 140 771 204 -360-

149 306 271 383 cipitur,
296 301 374 382 quod
399 305 555 381 reponitur
578 301 662 362 fictili
685 319 769 381 vas03
794 301 863 361 lacit
887 300 922 360 ad
947 317 1035 360 omne
1060 302 1177 362 vitium

149 401 180 453 et
203 391 335 452 dolorem
359 388 495 470 corporis
519 399 549 451 et
571 408 731 450 nervorum
755 391 909 450 universas
932 388 1099 450 molestias

111 489 129 539 8
237 481 370 558 Acopum
398 479 434 539 ad
462 479 686 558 perfrictionem
713 486 744 538 et
771 477 976 538 lassitudinem
1004 484 1035 536 et
1059 495 1176 538 nervo-

147 587 215 631 rum
239 567 385 647 dolorem,
408 567 487 647 qnod
511 567 612 628 odoris
636 569 780 645 gravioris
804 573 863 647 est3
886 584 953 626 nam
976 565 1050 625 illud
1075 584 1174 644 supe-

148 661 212 719 rius
231 657 302 718 boni
320 656 421 716 odoris
439 665 498 737 est3
518 658 625 734 accipit
644 655 730 716 haec:
749 655 932 714 Ammoniaci
946 661 1047 732 guttae
1063 653 1090 713 li
1108 654 1174 728 XV,
1189 672 1202 712 s

148 746 265 826 galbani
289 743 402 825 lillll,
426 746 542 805 resinae
564 743 783 804 terebinthinae
806 741 896 823 llVl,
919 759 1006 802 cerae
1029 741 1173 824 XXXV,

148 834 245 896 mellis
267 833 299 893 P.
319 831 358 912 ll,
382 831 441 894 olei
463 834 573 894 veteris
596 830 627 892 8
646 831 673 911 Ι,
697 833 799 910 oesypi
827 863 865 874 -
883 830 905 911 l,
928 829 1076 890 medullae
1102 850 1172 892 ccr-
1249 869 1250 872 =

148 925 233 984 vinae
258 953 297 964 -
318 921 344 1000 1,
372 922 551 1001 opopanacis
575 920 599 980 ll
623 920 672 1001 v1;
701 920 820 999 quidam
847 919 904 980 hoc
933 937 992 979 non
1021 919 1171 981 adiciunt.

148 1011 267 1090 Coram,
296 1009 393 1070 oleum
422 1017 453 1070 et
476 1008 706 1070 terebinthinam
729 1008 876 1088 liquefieri
899 1015 1029 1088 oportet,
1056 1007 1171 1069 deinde

148 1109 249 1161 cetera
267 1099 354 1176 adici,
373 1100 566 1158 novissimum
586 1099 801 1158 ammoniacum
821 1096 890 1156 addi
907 1098 1014 1156 tritum
1033 1099 1167 1157 curiose.
1182 1115 1208 1153 ro

149 1189 213 1248 Hoc
237 1189 288 1265 qui
311 1193 476 1264 perunctus
499 1187 599 1265 fuerit,
624 1187 712 1246 etiam
735 1204 752 1246 a
776 1192 915 1263 serpente
938 1191 1022 1244 tutus
1045 1187 1114 1245 erit.

114 1287 130 1334 9
240 1276 386 1353 hcopum,
413 1292 471 1351 quo
496 1275 558 1333 lere
582 1291 700 1350 semper
722 1273 804 1334 Liria
829 1272 960 1350 Augusta
983 1280 1014 1332 et
1036 1273 1169 1334 Antonia

149 1380 220 1424 usae
248 1367 332 1441 sunt,
359 1361 431 1421 lacit
458 1361 494 1420 ad
523 1361 745 1442 perfrictiones,
772 1361 921 1422 arthritim
950 1369 980 1421 ct
1003 1379 1167 1422 nervorum

149 1452 283 1512 omnium
306 1448 434 1530 dolores,
457 1451 543 1510 cuius
562 1451 718 1528 perunctio
737 1468 797 1510 non
816 1451 928 1528 patitur
946 1449 1168 1528 perfrigescere

150 1548 235 1603 artus
254 1547 284 1600 et
303 1539 495 1618 refrigeratos
509 1537 655 1618 calefacit3
675 1541 863 1616 componitur
877 1538 974 1598 hieme
989 1537 1046 1598 hoo
1060 1539 1203 1600 modern

149 1629 253 1708 Adipis
282 1627 319 1687 de
347 1645 438 1706 porca
467 1627 562 1688 sterili
585 1626 615 1686 P.
634 1626 674 1686 lll
704 1626 750 1686 vel
778 1629 866 1686 etiam
890 1628 1045 1686 anserinae
1069 1627 1168 1706 adipis

148 1719 228 1779 idem
256 1715 411 1796 ponderis,
440 1733 528 1794 quam
556 1733 632 1794 aqua
659 1714 766 1794 frigida
793 1713 869 1774 bene
897 1714 988 1774 lavari
1015 1722 1107 1793 atque
1136 1718 1168 1776 in

150 1823 260 1867 novum
283 1804 436 1865 vasculum
460 1805 557 1865 conici
580 1811 709 1884 oportet,
732 1804 782 1863 cui
804 1802 881 1863 adici
904 1801 1015 1863 debent
1037 1805 1101 1863 vini
1118 1822 1168 1864 ve-

150 1897 225 1956 teris
253 1893 368 1954 odorati
396 1890 491 1953 &111
525 1901 555 1953 et
582 1894 697 1970 species
725 1892 802 1951 inira
830 1893 959 1971 scriptae
987 1909 1048 1952 non
1076 1894 1168 1953 nimis

97 2036 103 2040 .
150 1990 293 2044 contusae
321 1981 462 2060 ponderis
489 1980 592 2041 huius:
628 1979 833 2060 Xylocinnami
863 2012 901 2023 —
930 1977 957 2060 l,
985 1979 1202 2041 cardamomiao

150 2105 194 2116 -
213 2070 240 2151 l,
268 2071 370 2149 cyperi
395 2101 433 2113 —
456 2069 481 2148 l,
509 2069 633 2129 schoeni
654 2067 771 2148 -111,
794 2086 879 2128 rosae
903 2067 1002 2128 aridae
1025 2068 1168 2130 loliorum

153 2195 192 2206 -
213 2159 235 2240 l,
259 2157 388 2218 sertulae
407 2156 571 2236 Campanae
595 2156 720 2217 corollas
744 2155 779 2216 X.
812 2155 892 2217 Haec
915 2158 1013 2216 omnia
1036 2156 1167 2218 inlcrve-

150 2251 227 2310 fiunt
254 2263 345 2326 super
372 2245 530 2325 carbones,
563 2245 670 2305 deinde
702 2245 877 2323 refrigerata
906 2244 1011 2305 eodem
1038 2244 1166 2306 caccabo

150 2343 338 2414 reponuntur
365 2342 546 2412 posteroque
574 2333 622 2393 die
649 2335 759 2393 iterum
784 2333 976 2394 inlerveliunt
998 2329 1166 2394 recondun-

150 2434 260 2503 turque
284 2422 388 2483 eodem
410 2422 512 2502 modo;
535 2423 623 2482 tertio
647 2422 695 2482 die
718 2440 824 2482 rursus
848 2420 987 2482 calefiunt
1010 2429 1041 2482 et
1064 2421 1161 2482 colan·
1177 2439 1202 2478 2⁵

150 2521 202 2574 tur
233 2529 287 2590 per
320 2511 445 2572 linteum
476 2509 523 2572 vel
556 2528 592 2570 ex
624 2511 713 2571 iunco
742 2509 819 2571 iacto
847 2510 884 2570 de
911 2509 1059 2570 industria
1086 2510 1165 2591 colo;

150 2603 252 2660 vinum
276 2617 383 2660 rursus
406 2607 495 2678 atque
519 2598 615 2676 adipis
639 2598 718 2677 quod
742 2605 879 2676 superest
902 2601 934 2658 in
956 2597 1037 2658 aliud
1055 2615 1164 2658 novum

150 2706 202 2749 vas
226 2689 389 2766 conicitur,
411 2686 517 2747 deinde
542 2686 594 2747 ubi
616 2685 816 2765 congelaverit
839 2705 870 2747 se
892 2686 992 2766 adeps,
1015 2686 1164 2765 oportebit

152 2776 278 2838 fundum
302 2773 420 2834 oaccabi
444 2775 591 2852 perforari
614 2781 645 2834 et
667 2776 768 2835 viuum
792 2792 879 2835 omne
903 2777 998 2835 emitti
1022 2783 1110 2853 atque
1133 2776 1163 2834 in

151 2867 283 2945 priorem
307 2860 466 2922 caccabum
490 2862 606 2940 adipem
630 2863 753 2924 eandem
777 2865 927 2924 coniciet
950 2863 1162 2923 viniciusdem
1176 2879 1201 2919 ao

151 2954 282 3014 recentis
310 2949 434 3011 eandem
461 2967 632 3011 mensuram
664 2950 742 3011 adici
775 2953 952 3030 speciesque
984 2969 1044 3012 non
1077 2953 1163 3011 nimis

152 3050 293 3104 contusas
326 3056 423 3118 neque
456 3037 656 3119 percribratas
683 3038 736 3100 has
764 3040 895 3101 infundi:
932 3039 1024 3099 Nardi
1052 3039 1162 3119 Syriaci

152 3164 196 3176 -
215 3130 242 3210 l,
272 3129 419 3190 saliuncae
442 3160 486 3172 -
504 3127 530 3209 l,
558 3129 667 3188 amomi
688 3160 733 3170 -
755 3127 781 3204 l,
810 3130 905 3189 casiae
929 3159 969 3172 -
995 3127 1021 3207 l,
1049 3146 1162 3208 myrrae

153 3251 194 3262 -
215 3217 250 3298 ll,
273 3219 404 3279 cinnami
423 3247 462 3260 ·-
485 3216 520 3298 ll,
543 3234 629 3277 rosae
647 3216 747 3276 aridae
766 3215 904 3277 loliorum
923 3247 967 3259 -
986 3215 1020 3276 ll.
1053 3215 1163 3276 Deinde

151 3325 238 3367 mane
271 3305 363 3367 semel
394 3315 424 3367 et
450 3307 482 3366 in
509 3312 597 3366 nocte
625 3303 717 3364 semel
744 3306 869 3365 mixtum
897 3304 954 3364 hoc
984 3304 1199 3365 inferveheriae

167 3479 169 3484 ¹
244 3497 276 3546 l'l
296 3491 371 3545 idem
388 3492 497 3560 pondus
516 3492 640 3549 Seston.
