2518 3806
489 137 730 201 -383—

8 297 13 355 1
69 319 95 358 ao
154 300 294 379 Quaeque
318 301 381 361 suis
404 306 509 359 natura
531 297 618 358 bonis
641 307 779 375 terraque
803 300 936 376 marique

10 403 14 424 .

8 474 13 532 r

8 582 12 618 l

153 388 267 468 Edidit,
290 387 339 448 illa
363 389 425 448 suis
448 386 533 447 altrix
558 384 645 446 simul
668 393 757 464 atque
780 387 907 446 creatrix

153 476 276 537 Fetibus
300 477 478 555 omnigenis,
503 493 577 553 quos
601 476 741 554 parturit,
765 491 836 551 ergo
861 473 994 534 salubres

155 565 294 643 Suggerit
315 565 464 643 impensas
487 571 577 640 ponto
601 570 631 622 et
653 561 759 622 tellure
783 569 911 642 creatas,

154 654 271 732 Angue,
294 653 369 731 fera,
392 651 520 731 pecude,
544 651 642 728 fruge,
666 649 747 730 alite,
770 651 898 729 murice,
921 652 1017 729 pisce,

154 741 257 822 La'cte,
280 758 375 820 mero,
398 741 508 819 pomis,
530 737 670 818 lymphis,
694 737 767 818 sale,
791 737 876 798 melle
900 745 930 798 01
952 737 1042 818 olivo,

44 856 47 863 ·
155 829 254 908 Sucis,
278 827 473 908 unguinibus,
496 825 604 906 taedia,
627 827 706 908 pice,
730 826 856 904 sullure,
880 843 962 906 cera,

153 916 280 994 Polline,
303 916 397 995 farre,
421 914 509 994 labis,
532 913 605 994 lino,
629 913 731 994 scobe,
755 913 876 991 vellere,
900 932 1007 994 cornu,

154 1005 239 1065 Bacis
263 1013 292 1065 et
314 1003 440 1083 balanis,
464 1003 564 1082 lignis,
588 1001 729 1084 carbone,
752 1001 860 1082 favilla,

154 1091 292 1153 Floribus
315 1100 346 1152 et
368 1093 456 1151 variis
478 1091 593 1170 herbis,
616 1089 717 1150 holere
741 1098 829 1168 atque
853 1089 992 1167 metallis,

156 1179 288 1260 Sandyce
312 1187 342 1240 et
365 1187 459 1260 creta,
482 1178 673 1259 psimmytho,
696 1181 828 1258 pumice,
851 1195 956 1256 gypso,

155 1269 287 1348 Cadmia,
311 1267 441 1348 chalciti,
465 1267 651 1348 chalcantho,
675 1266 776 1327 chalco
800 1275 829 1334 01
852 1266 971 1346 adusto,

155 1357 303 1418 Cassitero
327 1356 421 1436 molli,
443 1355 540 1435 lepida
564 1355 682 1434 Cypria,
705 1361 878 1416 atramento.

154 1445 260 1505 Prome
285 1447 373 1504 etiam
397 1439 466 1526 (seu
488 1443 581 1504 tunde
604 1445 687 1521 prius
711 1461 765 1502 seu
788 1450 908 1502 contere
932 1435 1033 1523 gyro),

156 1531 241 1604 Quod
265 1533 358 1592 viride
380 1532 487 1591 hortus
510 1530 612 1610 habet,
635 1529 681 1589 vel
704 1528 783 1608 quod
807 1531 940 1589 carnaria
964 1531 1090 1608 siccum,

155 1620 218 1679 Alia
242 1619 461 1698 serpyllumque
484 1616 591 1677 herbas
615 1616 840 1696 thymbramque
864 1615 1013 1676 salubrem

155 1708 350 1784 Brassicaque
374 1715 404 1766 et
427 1705 573 1785 raphanos
596 1723 630 1765 ac
654 1705 749 1784 longis
772 1703 875 1765 intuba
898 1703 982 1764 tibris

155 1796 194 1856 Et
216 1802 345 1854 mentam
369 1801 399 1854 01
422 1795 518 1872 sinapi
540 1792 730 1855 coriandrum
752 1799 1013 1872 prototomumque

155 1883 283 1944 Erucam
307 1889 395 1961 atque
419 1883 531 1962 apium,
555 1881 676 1941 malvam
700 1880 858 1960 batamque
882 1879 1031 1940 salubrem

156 1971 322 2050 Rutamqne
347 1978 376 2030 et
399 1977 572 2030 nasturcum
596 1977 626 2030 et
648 1987 745 2028 amara
769 1967 914 2028 absinthia
937 1970 1029 2028 misce

157 2060 352 2138 Puleiumque
374 2066 480 2138 potens
503 2074 620 2118 necnon
644 2065 673 2117 et
696 2057 762 2117 lene
786 2059 947 2118 cuminum.

156 2148 286 2208 Palmula
308 2165 363 2208 nec
387 2147 485 2206 desint
507 2145 625 2206 ldumes
648 2163 704 2207 nec
727 2163 822 2224 pruna
845 2145 991 2224 Damasci,

158 2235 238 2306 Quae
262 2253 330 2296 cum
352 2235 510 2313 multiplici
532 2235 708 2294 contriveris
732 2233 803 2293 orbe
826 2232 965 2312 terendo,

157 2325 190 2384 ln
214 2325 322 2401 patinis
346 2331 466 2383 excocta
490 2321 573 2382 dabis
597 2329 648 2381 aut
671 2320 832 2400 grandibus
856 2320 921 2380 ollis

158 2408 280 2491 (Verum
304 2403 457 2492 adoperta)
483 2427 606 2490 coques,
629 2427 667 2468 ne
691 2409 801 2469 tumida
824 2412 889 2468 iura
913 2425 1048 2486 saporem

158 2499 337 2578 Corruptum
360 2499 498 2578 reddant,
523 2516 610 2576 quem
634 2515 702 2556 mox
726 2497 856 2557 fastidiat
878 2514 974 2574 aeger.

157 2587 239 2647 Adde
263 2595 292 2647 01
315 2589 488 2646 aromaticas
511 2587 639 2665 species,
663 2603 736 2664 quas
760 2587 850 2644 mittit
871 2584 966 2664 Eous,

157 2674 211 2734 Vel
233 2693 309 2753 0000
331 2674 459 2734 Iudaicis
483 2675 615 2752 fragrant
638 2672 713 2732 bene
737 2673 854 2732 condita
878 2675 988 2752 capsis,

158 2761 233 2842 Tus,
257 2770 385 2842 costum,
409 2762 525 2842 folium,
549 2779 692 2841 myrram,
717 2767 876 2840 styracem,
905 2777 1121 2840 crocomagma,

158 2851 363 2930 Aspalathum,
387 2849 505 2928 gallam,
529 2849 693 2910 elleborum
716 2850 893 2926 nigrumque
916 2847 1050 2908 bitumen

160 2938 198 2999 Et
220 2939 345 2999 nardum
369 2946 399 2998 et
423 2940 516 2998 casias
540 2949 569 2998 et
592 2933 760 2997 amoma'et
783 2939 916 2997 cinnama
940 2954 1019 3014 rara,

160 3025 305 3108 Balsama,
327 3026 547 3107 peucedanum,
571 3027 697 3105 spicam,
721 3043 829 3084 crocon
853 3032 941 3102 atque
965 3021 1123 3103 bedellam,

205 3199 240 3248 24
268 3198 297 3249 01
323 3193 404 3264 fruge
433 3195 593 3250 Carnarius.
701 3198 735 3246 32
763 3191 860 3260 lepida
886 3192 1000 3260 scripsi:
1028 3189 1123 3258 lepide

116 3265 276 3321 Carnarius.
332 3269 416 3333 atque
435 3267 591 3320 atramento
613 3264 777 3318 00000010οε
796 3263 880 3330 abque
898 3263 949 3318 del.
968 3262 1122 3316 Buecheler.

116 3340 149 3390 36
168 3337 266 3406 intyba
286 3335 445 3391 Oorrrarr'rro.
539 3339 574 3388 40
592 3333 792 3404 pulegiumque
811 3334 888 3388 idern.
982 3331 1123 3399 cyminum

114 3407 193 3460 idern.
288 3411 323 3461 45
342 3422 424 3474 quem
443 3405 603 3461 Buecheler:
622 3421 693 3473 quae
713 3404 871 3460 0000000100.
971 3407 1003 3457 51
1024 3418 1124 3456 croccn

113 3477 309 3533 Brumannaas:
328 3492 439 3531 crocum
459 3475 618 3532 darnartuc.
