2540 3802
498 152 739 214 -rii-

197 312 370 392 Conpositio
398 311 571 392 ecligmatii,
600 313 679 392 quod
708 313 779 374 lacit
806 313 842 374 ad
866 313 1010 392 pthisicos
1034 326 1064 376 et
1089 315 1126 377 ad
1144 329 1180 379 aa

109 419 169 480 eos,
194 400 304 480 quibus
328 399 429 480 pulmo
452 419 507 480 per
530 400 758 462 destillationem
783 420 856 462 uvae
875 402 1048 464 vulneratus
1067 413 1126 466 est:

63 551 68 558 ,
108 489 165 550 Iris
193 489 327 570 Illyricae
358 521 399 532 -
423 488 448 570 1,
477 492 576 568 spicae
605 489 732 551 Celticae
760 523 802 533 —
828 489 854 571 1,
884 490 989 571 hysopi
1016 491 1127 555 Cretici

12 569 13 626 l
113 611 148 621 —
168 577 190 656 1,
210 596 310 639 amcos
325 577 418 658 -11,
437 580 554 639 resinae
574 578 791 640 terebinthinae
809 579 885 660 -I,
904 581 1017 659 piperis
1035 613 1073 624 —
1091 579 1126 662 11,

68 690 82 732 s
110 669 174 728 ervi
198 669 297 728 rus'sei
322 699 359 709 —-
381 665 421 744 II,
449 667 550 747 butyri
574 665 686 747 -V1‚
713 667 810 728 mellis
838 667 1004 748 despumati
1031 669 1062 730 P.
1086 669 1127 730 Ill

109 763 140 817 et
159 787 203 798 -
222 754 308 816 VlllI.
343 754 395 836 Ea,
419 773 494 835 quae
517 755 720 835 inpuberem
739 756 900 835 redigenda
920 765 999 838 sunt,
1018 757 1126 819 tundes

109 853 140 904 et
164 841 389 924 diligentissime
413 862 531 924 cernes,
560 847 690 905 resinam
718 863 787 905 vero
817 854 847 906 et
876 844 1017 925 butyrum
1045 845 1125 907 lento

108 935 178 1012 igne
198 931 385 1013 liquefacies3
404 940 507 1013 postea
526 932 611 994 melle
630 935 812 1012 permixtum
830 940 926 994 totum
945 953 1035 1014 supra
1055 937 1125 996 scri·

108 1031 229 1102 piarum
253 1023 422 1100 specierum
445 1022 598 1101 pulverem
621 1021 741 1100 colliges
765 1030 795 1083 et
818 1021 907 1084 simul
929 1041 1125 1084 commacera-

69 1133 95 1172 ιο
109 1118 174 1171 tum
193 1112 225 1170 in
245 1109 360 1171 doleclc
380 1112 466 1171 vitric
485 1129 613 1190 repones
633 1109 785 1192 utendum,
805 1129 873 1172 curn
892 1129 965 1173 usus
984 1114 1125 1194 exegerit,

109 1201 149 1260 ita
174 1206 208 1260 ut
231 1207 347 1260 mature
370 1200 479 1260 ieiunis
504 1209 587 1260 terna
612 1197 749 1260 cocliaria
772 1199 889 1263 dentur.

519 1393 598 1455 CAP.
621 1391 721 1454 XVIII.

110 1503 317 1560 Umerorum
344 1507 379 1561 et
404 1505 589 1562 cervicium
613 1505 790 1561 doloribus
812 1510 848 1562 et
871 1505 1126 1576 opisthotonicis

141 1597 177 1649 et
204 1592 346 1650 hircosis
377 1597 412 1649 et
438 1595 613 1663 unguibus
642 1597 676 1650 et
702 1594 917 1663 paronychiis
944 1593 1095 1649 remedie

163 1681 379 1738 rationabilia
398 1686 432 1738 et
449 1683 591 1752 physica
609 1682 743 1738 divema
761 1683 804 1738 de
824 1681 1073 1752 experimentis.

200 1817 303 1878 Umeri
312 1817 444 1879 dolorem
459 1817 602 1883 mustelae
613 1825 734 1878 exustae
744 1820 819 1878 cinis
829 1820 919 1880 tritus
934 1825 965 1879 et
978 1835 1046 1880 cum
1057 1836 1125 1879 cera
1146 1832 1160 1880 1

110 1908 278 1986 permixtus
298 1925 331 1968 ac
351 1907 493 1968 subactus
513 1915 543 1968 et
562 1909 656 1968 ceroti
674 1925 757 1967 more
772 1909 929 1986 impositus
944 1908 1019 1968 mire
1034 1916 1125 1968 sanat.

201 1995 246 2056 id
271 1997 403 2056 cervices
427 2004 457 2056 et
479 2013 640 2056 nervorum
664 1994 778 2056 subitos
801 2003 853 2056 aut
873 2003 989 2056 veteres
1008 1995 1161 2057 dolorosa

69 2106 96 2148 15
112 2091 142 2144 et
166 2086 359 2145 contusiones
379 2085 626 2145 medicamentum
645 2083 728 2144 valde
748 2086 958 2164 necessarium,
982 2083 1061 2162 quod
1079 2084 1128 2144 dle

12 2211 13 2234 i
111 2180 229 2234 steaton
253 2173 370 2252 dicitur,
395 2175 451 2234 sic:
475 2172 606 2233 Masticis
624 2205 669 2216 —
682 2171 732 2253 iii,
754 2172 813 2232 olei
833 2173 913 2232 rosei
931 2170 1046 2252 libram,
1069 2171 1128 2233 olei

111 2261 263 2341 gremialis
283 2260 422 2322 selibram
441 2261 486 2321 vel
504 2260 583 2340 quod
598 2261 734 2340 sufficiat,
753 2279 840 2322 cerae
854 2259 993 2321 Ponticae
1012 2259 1127 2341 libram,

112 2352 176 2412 sevi
200 2351 314 2410 ceruini
337 2349 452 2430 libram,
476 2348 621 2409 medullae
644 2352 781 2410 cervinae
804 2348 924 2430 libram,
948 2348 1042 2428 adipis
1062 2349 1127 2430 pul-

110 2438 190 2500 linae
210 2437 325 2520 libram,
344 2439 440 2517 adipis
459 2439 614 2498 anserinae
632 2437 747 2519 libram,
768 2437 863 2516 adipis
883 2438 1027 2499 scrcfinae
1046 2437 1077 2500 P.
1092 2438 1126 2518 ii,

67 2550 96 2590 eo
111 2527 300 2606 faenograeci
333 2529 398 2588 suci
428 2527 593 2606 heminam,
628 2525 681 2586 lini
715 2528 837 2588 seminis
869 2529 935 2588 suci
968 2526 1128 2605 heminam,

110 2616 200 2678 ibisci
228 2617 294 2676 suci
321 2615 482 2695 heminam,
511 2614 702 2675 chamaemeli
725 2614 912 2697 fasciculum,
938 2616 1039 2676 anethi
1062 2635 1126 2676 sur-

111 2705 197 2767 culos
221 2703 281 2765 VII.
327 2703 469 2764 Mastiche
498 2721 567 2763 cum
594 2702 658 2763 cleo
687 2721 808 2764 rosaceo
836 2705 868 2765 iu
892 2707 1034 2765 mortario
1059 2723 1127 2766 con·

110 2785 237 2874 teratur,
262 2794 378 2872 species
401 2810 471 2852 vero
495 2809 585 2870 supra
606 2793 718 2870 sciptae
736 2791 817 2854 lento
836 2795 904 2872 igne
923 2793 1128 2874 decoquantur

109 2889 142 2944 et
170 2883 237 2943 suci
265 2900 333 2942 cum
362 2899 431 2942 cera
463 2897 598 2940 seorsum
630 2881 813 2942 misceantur
845 2889 876 2942 et
907 2883 1004 2942 omnia
1036 2885 1127 2943 mixta

110 2971 263 3051 colentur3
292 2972 336 3030 sic
365 2977 467 3049 postea
495 2968 637 3030 mastIche
666 2987 734 3030 cum
757 2969 823 3030 oleo
847 2973 1073 3050 supermittatur
1097 2978 1127 3032 et

204 3155 387 3228 leIIgmctii.
458 3154 728 3212 idesiellctiouem.
800 3157 961 3213 siliis-icae.
1034 3157 1127 3229 ysopi,

110 3229 354 3286 tierebentinae.
445 3227 567 3297 brysei.
661 3229 845 3296 spermixto.
942 3234 977 3284 10
1006 3228 1125 3298 exigerit

110 3307 144 3357 ut
161 3303 281 3370 saepius.

202 3369 484 3440 corepiscopatus.
557 3368 691 3438 hyrccsis.
763 3369 942 3438 paranichiis.

204 3447 238 3498 1⁹1
259 3440 428 3512 graemialis.
537 3443 571 3493 20
595 3439 775 3494 caccabulis
798 3440 940 3508 fenogrcoi
963 3440 1022 3494 suci
1044 3441 1129 3496 codex

12 3505 13 3524 ¹
109 3515 308 3584 desidiaeque
326 3513 364 3568 cd
381 3528 404 3567 c.
423 3509 482 3578 XX,
502 3515 536 3566 26
555 3508 639 3564 Gibos
657 3524 724 3564 vero
743 3510 811 3564 dari.

166 3614 332 3664 Msucrnnus,
346 3620 385 3652 un.
399 3611 555 3650 Hrnurmcu.
936 3602 967 3652 12
