2518 3806
513 131 551 141 -—
600 95 754 160 346-

129 259 213 338 porri
241 257 359 318 sectiles
387 257 433 318 vel
460 259 593 338 capitati,
626 259 768 339 ocimum,
798 257 974 339 feniculum,
1003 262 1155 341 satureia,
1228 312 1230 321 ,

129 348 288 427 pastinaca,
308 346 424 428 cardni3
442 346 497 406 bae
517 349 581 406 esui
600 346 684 406 datae
704 347 793 406 etiam
809 364 906 407 mares
921 349 1003 407 nasci
1018 347 1154 411 faciunt.
1229 340 1232 431 ',

129 435 167 496 At
185 453 256 496 vero
275 437 441 496 contrariae
461 443 531 496 sunt
549 435 691 514 puleium,
714 436 822 516 apium,
842 444 918 516 ruta,
939 437 1153 520 coriandrum,

129 531 238 604 menta,
261 523 384 598 lactuca,
408 525 603 604 nasturcium,
626 523 776 584 anethum.

75 623 109 672 51
217 612 261 672 Ad
285 615 447 673 ramicosos
470 621 500 673 et
523 612 632 691 quibus
652 619 768 672 veretra
791 620 821 673 et
842 612 973 673 testiculi
997 612 1179 675 dolebunts

129 700 288 762 medullam
307 703 391 780 panis
410 703 519 762 siccam
537 703 569 761 in
589 702 730 762 mortario
750 708 896 782 conteres,
915 700 1023 762 deinde
1043 701 1153 763 oleum
1242 721 1243 724 ¹

128 793 160 849 in
184 792 362 868 sartaginem
385 791 486 850 mittes
514 797 544 850 et
567 791 610 850 sic
634 788 793 850 medullam
815 791 900 868 panis
923 791 1025 850 tritam
1051 809 1153 869 snper

129 877 227 939 oleum
245 881 346 939 mittes
365 885 395 938 et
411 877 563 957 paululum
578 879 670 956 friges
684 877 872 957 calidumque
886 897 977 958 super
990 881 1152 958 pectinem

129 967 257 1029 dolentis
280 967 418 1048 adpones,
442 969 516 1027 mire
541 967 707 1028 subvenies.

74 1065 109 1115 52
217 1053 326 1115 Fabam
346 1055 454 1115 fresam
473 1057 505 1116 in
523 1055 648 1116 mulsam
667 1073 774 1134 aquam
793 1055 917 1115 infunde
936 1063 1049 1116 etcum
1065 1055 1146 1117 bene
1163 1075 1189 1115 ιο

128 1143 345 1221 permaduerit,
373 1151 495 1203 contere
519 1162 553 1203 55
576 1143 647 1204 dum
671 1153 751 1204 teres
774 1145 841 1203 vino
865 1161 990 1222 asperge
1014 1154 1045 1204 et
1068 1152 1146 1205 tam·

128 1248 217 1309 qnam
240 1229 382 1307 malagma
406 1231 533 1290 calidum
557 1231 695 1291 verendis
719 1232 863 1313 adpones,
891 1235 992 1292 statim
1016 1232 1143 1294 dolenti-

127 1317 184 1378 bus
208 1336 241 1378 ac
265 1317 450 1379 tumentibus
472 1318 620 1379 testiculis
643 1319 811 1380 medebere.
1242 1347 1243 1400 l

74 1418 108 1467 53
217 1405 345 1466 Verendi
368 1407 461 1468 virilis
484 1407 605 1468 clavulis
629 1416 659 1469 et
682 1407 834 1469 ulceribus
852 1408 916 1469 aloe
935 1411 1005 1470 trita
1026 1410 1145 1471 utiliter
1242 1419 1243 1484 l

127 1497 290 1576 inponitur,
314 1513 381 1557 cum
405 1499 490 1576 prins
512 1499 580 1557 vino
605 1497 683 1558 eluta
706 1499 819 1558 fuerint
841 1499 911 1558 vitia
935 1501 1054 1558 veretri.
1160 1515 1183 1557 15
1242 1485 1243 1528 1

73 1595 109 1645 54
216 1584 417 1665 Emplastrnm
436 1585 538 1666 viride,
562 1586 641 1665 qvvod
660 1585 768 1647 medici
786 1585 908 1646 chloran
927 1586 1086 1668 appellant,
1104 1605 1145 1648 ex

127 1691 250 1734 rosaceo
278 1675 437 1734 remissum
461 1676 492 1734 in
515 1674 636 1735 linteolo
660 1676 743 1735 tenui
767 1673 884 1734 inlitum
908 1677 1034 1736 veretris
1059 1676 1145 1736 exul·

73 1773 107 1822 55
127 1765 235 1823 ceratis
263 1761 378 1824 utiliter
405 1765 568 1842 inponitur.
611 1763 719 1824 Sevum
743 1763 866 1842 pecudis
890 1782 906 1823 a
929 1763 1053 1824 renibus
1077 1764 1144 1826 vul-

127 1869 193 1912 sum
217 1851 347 1912 admixto
370 1853 498 1930 pumicis
522 1853 622 1912 cinere
646 1859 676 1912 et
700 1851 759 1911 sale
783 1853 949 1912 rectissime
968 1851 1144 1914 dolentibus

72 1951 107 1998 55
128 1948 157 2000 55
189 1939 375 2001 tumentibus
403 1942 529 2000 veretris
557 1941 718 2018 inponitur.
765 1939 966 2000 Arietinornm
993 1941 1143 2004 vellerum
1159 1962 1185 2002 oo

127 2029 202 2090 cinis
230 2047 298 2089 cnm
327 2045 402 2107 aqua
431 2031 541 2088 mixtus
570 2035 600 2088 et
628 2028 780 2107 adpositus
808 2027 1004 2089 incommodis
1027 2033 1143 2091 veretri

72 2127 105 2177 57
125 2125 279 2197 repugnat.
310 2116 442 2196 Ungulae
461 2116 590 2177 molinae
610 2125 731 2178 exustae
751 2119 826 2178 cinis
845 2116 1004 2178 salubriter
1022 2120 1141 2198 insper-

125 2208 206 2285 gitur
228 2207 307 2266 vitiis
331 2211 525 2266 veretrorum.

72 2306 106 2356 58
215 2293 417 2354 Carbuncnlos
441 2294 477 2354 de
496 2295 622 2354 veretris
641 2295 819 2354 exterminat
836 2295 983 2355 muricum
1002 2295 1046 2355 vel
1066 2314 1139 2374 pur·

125 2399 268 2461 purarum
287 2385 318 2442 in
338 2381 516 2443 carbonibus
531 2389 665 2443 ustorum
681 2385 756 2443 cinis
770 2401 838 2444 cum
854 2382 940 2443 melle
954 2385 1135 2465 permixtus;
1152 2405 1179 2446 55

124 2470 203 2530 idem
230 2478 384 2550 praestant
411 2471 555 2549 singulari
583 2471 713 2531 efficacia
742 2471 917 2532 salsamenta
945 2471 1076 2533 discocta
1107 2483 1138 2534 et

125 2577 193 2619 cnm
216 2559 303 2619 melle
326 2561 472 2638 permixta
495 2562 624 2638 tritaque
648 2559 789 2639 adposita.

71 2659 105 2708 55
214 2647 364 2708 Permixto
388 2648 517 2708 alumine
541 2657 571 2708 et
593 2666 691 2727 myrra
714 2649 752 2708 fel
775 2647 919 2709 bubulum
939 2649 975 2710 ad
995 2652 1137 2710 crassitu-

124 2735 224 2796 dinem
248 2735 343 2795 mellis
367 2735 523 2796 subactum
547 2743 577 2796 et
599 2735 717 2798 inlitum
741 2755 788 2818 ea,
816 2755 891 2816 quae
919 2735 1046 2798 veretris
1075 2757 1135 2799 ser-

123 2832 207 2904 punt,
225 2825 301 2884 mira
319 2823 471 2884 celeritate
489 2832 647 2906 55555555,ν
661 2844 751 2905 supra
770 2828 859 2886 ctiam
878 2824 946 2886 beta
964 2828 1032 2886 vino
1051 2836 1135 2888 cocta
1149 2845 1175 2886 ao

123 2920 205 2974 recte
228 2914 390 2992 inponitur.

69 3017 104 3065 60
213 3000 337 3084 Cocleis,
361 3020 435 3081 quae
455 3001 552 3063 nudae
571 3003 773 3076 inveniuntur,
793 3003 921 3063 adicitur
939 3002 1051 3082 aliquid
1071 3005 1136 3064 triti

123 3093 199 3152 turis
228 3100 258 3152 et
285 3091 344 3152 albi
372 3109 496 3152 ovorum
524 3097 612 3171 atque
640 3091 709 3152 inde
733 3091 833 3152 ulcera
856 3091 1065 3152 testiculorum
1089 3101 1135 3154 tn·

122 3183 233 3242 mentia
252 3189 283 3242 et
300 3180 476 3260 hydrocelae
496 3198 658 3260 puerorum
677 3183 738 3240 sive
757 3181 883 3240 ramices
898 3180 1134 3262 superlinnntur,

213 3322 227 3369 1
246 3315 426 3371 foeniculum.
518 3323 533 3370 2
553 3316 709 3386 pastinaga.
796 3314 878 3368 essui.
965 3319 981 3366 3
1000 3315 1132 3383 poleium.

124 3390 157 3438 14
178 3386 303 3441 verendo.
385 3393 419 3441 22
439 3386 572 3442 murinae.
654 3391 688 3439 24
706 3399 898 3454 purpornrum.
987 3390 1021 3439 28
1040 3386 1132 3442 mirra.

122 3455 237 3510 bubulo.
310 3463 344 3511 31
363 3457 520 3526 inponetur.
593 3462 628 3511 34
646 3456 790 3510 idroceles.
