2540 3802
548 119 789 182 -226-

161 282 247 343 nardi
262 281 398 360 Syriacae
413 279 438 340 X
453 279 476 337 V
492 279 521 358 S,
536 283 618 340 croci
632 279 657 340 X
672 279 725 360 IS,
741 280 863 341 schoeni
877 279 902 340 X
915 279 950 358 Il,
965 283 1060 342 casiae
1077 281 1179 364 XIIII,

161 372 291 432 cinnami
310 368 395 450 XVI,
413 370 526 447 piperis
545 367 604 428 albi
622 367 684 448 XI,
707 371 819 448 piperis
838 368 918 446 longi
938 369 998 449 XI,
1018 371 1094 430 turis
1114 369 1178 450 XI,

161 459 261 520 scordi
283 457 309 517 X
327 457 376 537 III,
399 457 460 536 poli
483 456 508 517 X
527 456 576 537 ΙΙΙ
599 475 685 517 rosae
707 457 806 518 aridae
826 456 919 538 XIII,
943 476 1031 536 rapae
1051 461 1177 520 seminis

161 547 254 628 Xlll,
278 549 372 606 anatis
396 548 548 624 sanguinis
567 505 702 606 ²recentis
726 545 834 626 XIIII,
858 546 991 608 eiusdem
1014 547 1091 607 aridi
1110 566 1177 608 san-

161 639 259 716 guinis
282 634 376 696 XIII.
417 633 503 695 Melle
526 636 691 696 miscentur
715 641 839 696 contusa
862 642 892 696 et
915 634 1044 696 cribrata
1068 639 1178 717 omnia,
1192 652 1203 692 5

161 726 256 787 donec
284 723 448 785 habeant'
440 725 535 802 ipsius
563 722 659 784 mellis
686 731 932 826 temperaturam,
960 723 1029 784 inde
1052 724 1178 828 plenum

161 815 295 876 cocleare
324 813 424 892 datur3
452 812 503 872 sed
532 811 568 872 ab
595 819 733 890 serpente
757 813 909 890 percussis
932 821 982 872 aut
1006 815 1115 874 morsis
1141 833 1178 874 ex

161 907 238 986 vino,
263 903 371 964 ceteris
395 920 430 962 ex
454 900 550 962 mulso
574 899 620 960 vel
643 919 718 979 aqua
742 899 806 962 dari
830 907 955 980 oportet.

109 1010 141 1059 19
249 990 391 1069 Malagma
415 989 450 1050 ad
475 1007 592 1050 omnem
615 991 762 1050 viscerum
787 988 929 1069 dolorem,
954 991 1115 1070 praecipue
1140 992 1177 1052 ad

161 1081 302 1142 iocineris
326 1081 496 1156 stricturas,
520 1079 677 1138 conficitur
700 1079 756 1138 sic:
789 1077 880 1138 lVardi
904 1077 1046 1158 Celticae,
1073 1079 1104 1140 id
1130 1087 1178 1140 est
1192 1095 1216 1135 10

163 1169 320 1246 saliuncae,
342 1165 368 1225 X
387 1165 436 1244 XI,
454 1167 508 1226 iris
527 1165 553 1225 X
572 1165 646 1245 VIII,
669 1165 801 1244 meliloti,
824 1167 902 1244 quod
921 1185 938 1226 a
957 1167 1043 1228 nobis
1063 1168 1178 1230 sertula

162 1256 309 1332 Campana
327 1253 447 1333 dicitur,
466 1251 594 1332 XXXV,
614 1256 715 1332 cyperi
730 1253 755 1312 X
769 1252 843 1333 VIII,
861 1257 1038 1316 ammoniaci
1051 1256 1177 1335 thymia·

162 1345 258 1421 matis,
277 1342 372 1404 idest
391 1343 524 1422 storacis,
544 1340 657 1420 XVIII,
676 1340 856 1402 cardamomi
871 1342 971 1425 XVII,
990 1347 1072 1406 croci
1086 1345 1176 1406 idem.

160 1431 266 1493 Omnia
290 1430 482 1509 supradicta
505 1436 650 1490 contunsa
673 1437 703 1490 et
726 1429 850 1490 criblata
873 1450 933 1492 uno
957 1433 1005 1494 dle
1032 1441 1062 1494 et
1086 1443 1178 1495 nocte

160 1523 191 1582 in
210 1523 277 1580 vino
297 1527 397 1580 vetere
415 1526 604 1580 macerantur
622 1527 742 1597 praeter
759 1522 989 1602 ammoniacum3
1013 1522 1070 1582 hoo
1095 1525 1178 1583 enim
1193 1537 1217 1578 1⁶

160 1617 243 1670 aceto
268 1609 342 1669 dilui
365 1615 490 1686 oportet.
527 1607 599 1668 Post
621 1607 694 1668 haec
713 1626 799 1668 cerae
818 1607 851 1669 P.
871 1609 905 1691 ΙΙ,
929 1613 1045 1670 resinae
1069 1611 1179 1671 lrictae

159 1699 190 1759 P.
210 1698 236 1778 I,
264 1697 323 1758 olei
349 1699 429 1758 rosei
457 1696 487 1758 P.
507 1696 534 1756 ll
556 1696 601 1758 vel
630 1698 699 1776 tria,
728 1704 762 1758 ut
790 1697 929 1758 sufficere
952 1701 1049 1760 visum
1073 1699 1179 1781 fuerit,
1212 1757 1215 1765 ,

160 1787 319 1867 addentur3
347 1785 504 1865 liquebunt
532 1803 607 1864 quae
635 1785 783 1864 quuelleri
809 1785 920 1847 hahent
946 1794 976 1847 et
999 1788 1180 1865 refrigerata

160 1884 249 1954 atque
272 1893 339 1936 rasa
362 1875 471 1936 ceteris
494 1875 659 1936 miscentur
679 1882 768 1952 atque
791 1893 885 1936 unum
904 1893 1013 1955 corpus
1031 1878 1072 1937 ita
1091 1877 1126 1938 lit
1147 1888 1180 1940 et

160 1963 387 2042 diligentissime
412 1962 597 2041 subigantur.
643 1961 706 2022 lloc
730 1971 760 2023 et
782 1963 818 2022 ad
841 1965 1086 2041 praecordiorum
1109 1973 1178 2027 ten·
1194 1981 1219 2022 ao

161 2056 274 2114 sionem
297 2052 374 2114 bene
397 2051 467 2112 lacit
490 2059 520 2111 et
543 2051 579 2110 ad
603 2053 733 2110 vessicae
757 2050 899 2112 dolorem.

107 2157 141 2206 20
249 2140 340 2202 Attali
362 2142 441 2217 regis
465 2139 726 2220 medicamentum,
755 2139 834 2217 quod
860 2140 930 2200 lacit
953 2143 1113 2220 praecipue
1139 2145 1178 2205 ad

160 2232 301 2290 iocineris
328 2229 399 2288 vitia
426 2235 456 2288 et
483 2227 520 2287 ad
548 2229 723 2305 auruginem
750 2228 839 2288 etad
863 2246 969 2307 aquam
992 2231 1177 2292 intercutem

161 2327 191 2377 et
209 2317 244 2376 ad
263 2317 392 2376 lienosos
411 2323 441 2376 et
459 2315 496 2376 ad
514 2315 758 2394 praecordiorum
776 2315 958 2378 inflationem
977 2325 1008 2378 et
1022 2318 1057 2378 ad
1072 2327 1176 2397 pecto-

160 2407 202 2465 ris
226 2405 358 2464 dolorem
382 2411 412 2463 et
434 2403 470 2464 ad
495 2421 555 2484 eos,
579 2406 631 2482 qui
654 2403 783 2464 colorem
807 2404 937 2466 lurIdum
960 2405 1080 2488 habent,
1103 2426 1175 2469 con·
1190 2424 1216 2464 ss

160 2494 260 2554 licitur
279 2495 335 2553 sic:
359 2491 447 2552 Croci
465 2491 490 2553 X
510 2491 545 2572 X,
568 2492 654 2552 nardi
672 2491 767 2552 Indici
786 2492 861 2574 XII,
884 2496 980 2554 casiae
1000 2494 1074 2576 Xll,
1093 2514 1174 2574 myr-

160 2599 210 2641 rae
230 2581 255 2640 X
273 2580 295 2661 l,
318 2581 448 2640 cinnami
471 2580 537 2660 XI,
561 2581 682 2640 schoeni
700 2579 783 2640 lloris
802 2580 827 2641 X
846 2581 867 2662 I,
886 2585 962 2643 costi
977 2615 1018 2626 —-
1033 2583 1055 2644 Ι.
1092 2583 1175 2646 llaec

160 2687 296 2730 seorsum
325 2669 549 2730 contunduntur
577 2676 607 2728 et
635 2668 818 2750 cribrantur,
849 2670 956 2732 deinde
984 2689 1020 2732 ex
1048 2673 1174 2750 singulis

160 2776 263 2820 eorum
287 2775 377 2837 supra
401 2757 488 2818 dictis
511 2757 643 2836 pondera
667 2765 825 2818 sumuntur
854 2767 884 2819 et
911 2761 942 2821 in
968 2779 1060 2822 unum
1084 2761 1173 2822 melle

159 2849 250 2908 mixta
264 2847 445 2924 colliguntur
459 2854 547 2925 atque
562 2848 593 2906 in
606 2846 713 2926 pyxide
728 2854 866 2926 argentea
881 2856 1081 2930 reponuntur3
1100 2850 1172 2910 inde
1188 2867 1214 2907 eo

160 2937 247 2996 datur
270 2953 339 2996 cum
362 2953 437 3013 opus
461 2943 506 2995 est
524 2933 607 2994 fabae
626 2935 785 3014 Aegyptiae
804 2938 975 3014 magnitudo
995 2955 1063 2998 cum
1081 2938 1173 2999 mulsi

57 3083 58 3086 ,
160 3024 273 3104 cyathis
296 3023 403 3104 tribue,
426 3025 453 3084 si
475 3024 539 3084 sine
563 3023 646 3083 febre
670 3024 781 3085 suerint
805 3027 856 3104 qui
875 3028 1024 3105 sumpturi
1043 3035 1122 3106 sunt,
1146 3029 1173 3088 si

159 3112 380 3194 febricitabunt,
399 3131 435 3174 ex
453 3130 529 3191 aqua
547 3111 642 3173 mulsa
661 3112 788 3174 dabitur.
820 3113 947 3175 Prodest
966 3117 1055 3174 etlam
1075 3115 1172 3176 calcu-

249 3273 262 3320 1
284 3266 387 3322 scoeni.
463 3264 545 3336 lab]
565 3266 609 3321 ad.
671 3272 703 3320 12
721 3265 908 3321 lhimiemibis.
975 3271 1007 3322 13
1023 3267 1170 3322 storachis.

160 3342 192 3390 i't
213 3337 317 3392 suffice.
428 3342 460 3393 ts
480 3337 596 3408 habent]
617 3337 720 3392 debent
740 3335 899 3394 Oornara'oa.
1004 3344 1040 3392 26
1058 3337 1170 3394 mirrea.

159 3413 193 3530 {g
211 3410 319 3546 pppiepei.
428 3415 462 3464 29
487 3412 633 3462 sumuntur
655 3408 685 3462 in
707 3425 793 3462 unum
816 3411 846 3463 et
868 3408 897 3462 in
925 3425 1011 3462 unrrm
1033 3411 1171 3479 (repetit).
