2540 3802
533 97 778 170 2198-

150 267 223 328 haec
251 267 432 346 conpositio,
460 285 529 326 cum
556 265 664 328 habeat
691 269 722 327 in
751 285 782 327 se
813 266 887 326 nihil
918 269 1007 327 taetri
1039 266 1170 326 medica·
1250 285 1251 332 3

149 357 252 437 menti,
271 355 306 415 ad
326 354 508 416 inflationem
527 355 672 416 stomachi
687 363 717 414 et
731 354 894 416 cruditates
909 365 939 416 et
953 354 1053 416 acidas
1068 361 1170 416 ructa·

149 445 246 504 tiones
270 451 301 504 et
323 443 361 505 ad
384 446 497 504 ventris
520 443 653 504 dolorem
676 451 707 504 et
729 445 834 504 urinae
855 443 1063 505 difficultatem
1081 443 1171 504 etad

150 532 290 594 convulsa
312 535 494 594 intrinsecus
516 540 546 593 et
565 540 652 611 rupta
671 534 769 592 omnia
788 541 819 592 et
836 533 873 592 ad
892 532 1047 614 horrores3
1067 540 1171 593 movet

149 624 238 682 etiam
257 630 411 682 menstrua
429 621 598 701 mulierum,
617 639 686 682 cum
705 619 865 682 dilliordter
882 629 1059 700 purgantur.
1093 620 1196 681 ltems

149 709 279 772 detrahit
297 712 324 770 si
344 729 401 788 qua
420 729 454 770 ex
475 718 563 788 partu
583 718 633 770 aut
652 709 762 770 aborsu
780 711 963 770 intrinsecus
977 711 1084 770 nociva
1100 709 1171 770 sub-

149 802 294 879 stiterint;
318 800 406 860 datur
429 801 550 858 omnino
574 801 638 859 sine
660 806 743 858 metu
761 805 792 858 et
810 799 918 858 ieiunis
938 807 969 859 et
987 805 1055 858 ante
1075 817 1171 858 cenae

148 898 267 966 tempus
287 895 317 948 et
335 895 404 966 post
421 906 525 948 cenam
544 887 579 947 ad
600 904 770 948 mensuram
789 887 904 948 denarii
922 888 1012 947 unius
1031 887 1079 946 vel
1096 888 1171 948 duo·
1250 907 1251 918 ¹

149 995 216 1038 rum
240 997 276 1037 ex
299 993 393 1055 aquae
417 976 530 1054 cyathis
553 975 651 1036 tribus
679 983 709 1036 et
735 977 760 1034 si
783 975 851 1054 plus
874 975 1015 1053 ponderis
1039 975 1171 1054 quilibet

148 1067 319 1144 sumpserit,
343 1083 403 1124 non
427 1063 569 1125 laedetur.
604 1064 782 1142 Praegnanti
801 1081 862 1124 non
885 1071 931 1124 est
954 1063 1085 1127 dandum
1111 1065 1169 1152 hoc
1184 1083 1212 1122 ao

148 1153 398 1214 medicamentum
421 1171 476 1212 neo
500 1152 690 1213 febricitanti.

95 1252 130 1302 34
238 1239 411 1300 Antidotum
439 1238 646 1302 Philonianum
674 1241 710 1302 ad
739 1259 843 1302 omnes
870 1243 1006 1300 internos
1036 1239 1169 1321 dolores,

149 1327 228 1406 quod
253 1327 288 1387 ad
312 1329 464 1388 tensiones
487 1329 632 1390 stomachi
660 1337 690 1390 et
713 1331 979 1409 empneumatosim
1002 1331 1170 1408 praecipue
1250 1391 1251 1394 ,

148 1416 231 1495 lacit,
259 1414 361 1476 colicis
389 1434 508 1495 quoque
536 1417 671 1498 prodest,
699 1418 808 1498 quibus
835 1420 866 1478 in
896 1416 997 1478 dolore
1026 1436 1063 1478 ex
1089 1436 1170 1496 aqua

148 1504 254 1584 frigida
282 1505 382 1586 datur,
411 1507 519 1566 ceteris
548 1524 585 1568 ex
612 1506 706 1567 calida
734 1525 802 1567 cum
828 1505 956 1584 oxymeli
978 1506 1044 1566 dari
1068 1505 1172 1588 dehet,
1187 1522 1211 1564 15

147 1601 261 1655 tussem
283 1593 374 1669 sedat,
394 1596 537 1656 tertianas
551 1596 676 1656 mirifice
691 1595 768 1656 tollit
786 1602 854 1655 ante
869 1602 1053 1656 momentum
1069 1599 1172 1674 suspi-

148 1685 243 1744 cionis
272 1683 386 1766 datum3
415 1683 553 1744 omnihus
582 1693 681 1744 autem
709 1684 745 1744 ad
773 1684 893 1744 modum
922 1683 1005 1744 fabae
1033 1683 1172 1745 dandum

148 1775 214 1853 crit,
238 1780 354 1834 constat
372 1792 409 1833 er
427 1773 489 1834 his:
512 1772 599 1833 Croci
614 1765 653 1858 2«
669 1771 728 1852 XV,
747 1771 882 1852 pyrethri
901 1774 1094 1852 semunciam,
1114 1791 1172 1833 eu-

148 1861 227 1922 lorbi
250 1865 442 1942 semunciam,
464 1863 563 1940 spicae
582 1862 668 1922 nardi
687 1862 878 1940 semunciam,
901 1862 1013 1940 piperis
1033 1860 1093 1920 albi
1111 1879 1171 1921 un·

149 1952 209 2010 cias
233 1950 306 2012 duas
330 1953 429 2032 semis,
452 1950 622 2030 hyoscyami
641 1951 744 2010 uncias
764 1948 838 2009 duas
857 1951 955 2028 semis,
980 1950 1041 2027 opii
1055 1941 1096 2034 2·
1111 1949 1170 2031 1113
1188 1969 1214 2010 ao

148 2037 253 2100 melior
272 2041 339 2120 erit,
359 2042 385 2100 si
403 2039 493 2100 addas
512 2039 680 2118 petrosilini
699 2030 803 2124 2111,
822 2037 910 2098 dauci
929 2036 1039 2098 Cretici
1054 2029 1095 2122 2·
1110 2037 1169 2120 1113

148 2127 298 2206 colligitur
322 2127 407 2189 melle
427 2128 525 2188 Attico
550 2129 634 2187 etin
657 2145 726 2188 vaso
749 2128 844 2187 vitreo
868 2124 923 2186 sub
946 2125 1098 2204 signaculo
1117 2145 1169 2187 re-

148 2219 278 2294 ponitur.

94 2313 129 2362 35
238 2303 396 2364 Stomacho
424 2302 571 2364 laboranti
594 2302 711 2363 cocleae
734 2311 874 2383 prosunt,
903 2303 983 2362 siin
1007 2319 1082 2380 aqua
1106 2302 1168 2363 ler-

148 2401 236 2450 vcant
258 2399 288 2452 et
312 2394 355 2452 sic
379 2390 558 2452 carbonibus
581 2399 753 2452 torreantur
777 2399 865 2470 atque
888 2393 931 2452 ita
954 2409 990 2450 ex
1014 2408 1167 2469 oenogaro
1182 2413 1213 2454 as

94 2491 129 2540 36
149 2485 305 2539 sumantur
332 2482 430 2559 inpari
461 2497 595 2540 numero.
643 2479 833 2540 Stomachum
861 2481 1107 2540 reumatizantem
1134 2487 1168 2540 et

149 2567 298 2628 dolentem
322 2575 352 2628 et
374 2567 564 2646 languentem
587 2575 617 2628 et
640 2567 818 2629 dissolutum
837 2570 967 2646 primum
986 2569 1100 2628 mansio
1120 2567 1167 2628 lu-

148 2655 214 2716 cida
237 2663 267 2715 et
291 2674 350 2716 non
373 2658 498 2717 nimium
521 2655 627 2734 frigida
650 2675 706 2717 nec
730 2659 801 2717 satis
824 2656 918 2717 calida
945 2655 1022 2716 hene
1045 2657 1166 2737 accipit,

148 2750 212 2804 tum
241 2743 418 2822 cataplasma
446 2745 511 2804 heri
540 2744 629 2804 dehet
652 2745 688 2805 de
711 2744 790 2805 foliis
812 2747 916 2806 vitium
940 2744 988 2804 vel
1010 2746 1037 2804 si
1059 2745 1166 2806 vineae

149 2831 218 2891 lolia
245 2851 305 2892 nou
332 2832 457 2910 fuerint,
487 2832 523 2893 de
551 2834 676 2894 rumicis
706 2835 767 2892 sive
795 2832 864 2894 rubi
891 2831 970 2893 soliis
998 2832 1045 2892 vel
1068 2833 1105 2892 de
1129 2852 1166 2894 ea
1181 2854 1211 2894 co
1250 2851 1251 2854 ’

149 2922 318 2981 summitate
338 2920 415 3002 ruhi,
439 2940 514 3000 quae
534 2923 605 2982 satis
624 2928 727 2982 tenera
746 2928 800 2982 est.
832 2921 896 2981 lloc
915 2920 1075 2998 diligenter
1092 2924 1166 2982 teri-

148 3015 290 3070 turcum
314 3009 440 3070 dactulis
464 3013 596 3090 quinque
619 3011 787 3070 minutatim
815 3011 926 3088 carptis
949 3012 980 3069 in
1003 3017 1088 3070 aceto
1112 3010 1167 3070 diu

95 3109 129 3159 37
150 3101 314 3160 maceratis.
338 3096 537 3178 Epithematio
552 3105 652 3160 autem
670 3097 727 3158 hoc
744 3105 812 3177 post
825 3097 1002 3176 cataplasma
1017 3099 1062 3159 uti
1076 3116 1166 3176 opor·

240 3258 253 3305 1
273 3251 302 3306 in
321 3270 350 3308 se
369 3269 419 3308 om.
493 3257 510 3304 4
530 3252 693 3306 convulsam
711 3250 890 3304 intrensecus.
964 3257 980 3303 6
1000 3265 1103 3304 auorsu
1121 3251 1165 3306 in·

148 3324 299 3379 trensecus.
382 3330 397 3378 9
418 3322 560 3392 quislibet.
641 3328 673 3376 12
692 3319 864 3376 filonianum.
939 3327 970 3374 13
991 3319 1165 3388 empleuma—

148 3392 239 3450 bisam.
314 3401 346 3450 15
366 3393 488 3450 oximeli.
567 3399 599 3446 18
617 3391 724 3464 piratii.
802 3395 836 3442 25
856 3405 989 3458 ynogaro.
1063 3396 1097 3445 28
1116 3409 1165 3448 ac—

150 3462 232 3533 cepit.
305 3472 339 3520 33
359 3465 547 3536 epithymabio
565 3465 619 3519 hoo
638 3465 741 3518 autem.
