2564 3794
473 137 716 200 —117-

86 299 112 359 11
130 299 166 359 ll.
198 297 350 358 Teruntur
363 297 437 358 haec
452 301 560 359 siccata
576 301 703 378 curiose,
718 299 824 358 deinde
840 299 1022 361 admiscetur
1035 318 1100 378 pas·

87 405 151 448 sum
176 386 341 468 Creticum,
365 395 399 447 ut
421 386 529 447 habeat
552 387 777 466 spissitudinem
801 387 910 468 mellis3
934 407 1002 450 cum
1026 407 1101 467 opus

1 515 2 526 1
87 485 145 556 est,
173 477 242 536 vino
270 485 390 536 austero
415 475 539 537 diluitur
563 486 593 537 et
616 477 749 538 solvitur.
790 475 873 536 Facit
895 477 952 538 hoo
975 478 1101 538 medica·

1 633 2 650 ,
87 574 220 626 mentum
249 573 279 624 et
307 564 342 624 ad
371 563 569 625 carbunculos
604 573 634 626 et
661 565 698 626 ad
725 567 824 644 ignem
853 583 969 626 sacrum
1002 575 1033 626 et
1063 565 1100 626 ad

1 659 2 676 ¹
59 651 725 734 5333333333]113333133333131113331.
772 653 946 714 Coclearum
969 656 1101 714 inanium
1120 667 1154 716 30

1 817 2 826 χ
86 751 259 803 exustarum
279 743 354 801 cinis
374 759 441 802 cum
461 741 547 802 melle
566 744 691 822 gingivis
714 744 863 820 inpositus
882 744 957 802 mire
971 741 1101 824 prodest,

87 833 113 891 si
136 833 175 891 311
197 829 271 890 haec
294 829 417 890 adsidue
442 831 565 892 curatio.
611 831 749 910 Gingivas
777 829 893 891 umidas
921 839 951 890 et
974 831 1100 891 fetentes
1119 843 1152 891 31

85 919 142 980 hoc
160 919 355 979 medicamine
375 919 450 978 mire
470 919 602 980 sanabis:
623 919 749 980 hlumen
769 921 905 998 scissum,
923 927 972 980 tus
987 937 1101 979 mascu-

87 1007 158 1088 lum,
173 1007 258 1068 aloen
273 1009 406 1086 epatitim
420 1009 486 1085 pari
499 1008 644 1089 pondere,
664 1008 737 1068 haec
751 1009 782 1067 ia
797 1007 949 1086 pulverem
963 1009 1102 1068 tenuissi-

47 1114 168 1157 romum
187 1096 306 1174 rediges
325 1104 355 1156 et
374 1095 462 1156 simul
480 1098 636 1174 permixtis
655 1099 759 1176 uteris,
777 1098 818 1157 ita
837 1104 871 1156 ut
887 1099 972 1175 prius
986 1115 1019 1156 os
1034 1098 1101 1155 vino

87 1194 187 1246 vetere
202 1185 323 1245 conlnas
338 1192 368 1244 et
379 1187 421 1245 313
432 1187 557 1264 gingivis
569 1185 660 1264 digito
671 1185 854 1246 medicamen
865 1185 1003 1264 adponas.
1024 1183 1102 1245 Utile

87 1281 133 1334 est
151 1274 302 1334 interdum
321 1272 450 1334 admixto
466 1273 537 1334 huic
551 1274 668 1352 pulveri
682 1273 768 1334 melle
782 1275 956 1353 despumato
971 1275 1102 1352 gingivas

88 1364 269 1441 contingere.
301 1361 344 1422 hd
364 1363 549 1440 gingivarum
567 1365 693 1424 nimium
712 1372 860 1424 tumorem
879 1370 910 1422 et
928 1363 1053 1422 fetorem
1073 1372 1154 1423 3133

88 1453 286 1511 carcinomata
299 1449 484 1510 medicamen
498 1450 555 1511 hoc
569 1451 659 1512 iacies
674 1453 865 1513 decrescente
880 1451 949 1511 luna
964 1451 1011 1511 die
1025 1451 1103 1510 lovis

47 1558 74 1598 rs
88 1541 146 1600 sic:
178 1538 295 1617 Piperis
317 1557 407 1618 grana
430 1557 536 1599 novem
560 1539 689 1600 torrebis
718 1559 785 1601 cum
813 1540 929 1600 modico
953 1539 1048 1600 lasere
1072 1547 1102 1598 et

88 1626 273 1687 cucurbitam
298 1630 406 1688 siccam
431 1627 580 1688 conbures
603 1638 634 1688 et
657 1638 746 1708 caput
769 1628 872 1688 sardae
896 1627 1044 1688 conbures
1068 1644 1103 1685 ac

88 1717 247 1794 separatim
274 1717 371 1776 omnia
400 1715 626 1796 diligentissime
653 1726 742 1797 teres,
769 1719 810 1776 ita
838 1725 872 1775 ut
894 1717 926 1774 13
949 1715 1102 1792 pulverem

87 1806 297 1865 tenuissimum
316 1804 499 1885 redigantur,
522 1823 617 1882 eoque
641 1807 721 1864 sicco
745 1805 877 1882 gingivas
897 1821 1037 1881 asperges
1056 1802 1102 1862 331

88 1895 244 1972 contingas
267 1901 297 1953 31
318 1911 386 1954 cum
409 1895 519 1954 iterum
538 1892 678 1953 adhihere
697 1892 826 1952 volueris
844 1891 1101 1970 medicamentum,

48 1999 75 2039 33
89 1983 158 2042 3133
177 1990 277 2042 331333
296 1980 374 2042 hono
396 1999 429 2041 os
449 1981 546 2062 elues3
570 1981 622 2041 sed
641 1980 699 2040 illis
718 1979 832 2060 diebus,
852 1979 960 2058 quibus
979 1978 1102 2039 adhibes

89 2071 282 2149 curationem,
301 2069 398 2130 oleum
418 2080 447 2130 et
467 2071 620 2149 porcinam
639 2087 699 2130 non
717 2067 923 2148 manducabis,
947 2086 1005 2147 quo
1025 2068 1101 2128 13313

88 2159 174 2219 facile
197 2167 227 2218 te
251 2158 385 2218 absolves
409 2160 630 2238 suprascripta
653 2160 734 2218 omni
753 2157 887 2218 molestia
907 2158 1101 2236 gingivarum.

88 2247 133 2307 nd
156 2247 266 2327 ulcera,
291 2265 365 2326 quae
389 2257 554 2308 nascautur
576 2245 1156 2326 333313331131331113333133333333

88 2354 178 2396 sexus
202 2338 233 2396 in
257 2354 309 2396 ore
333 2344 384 2396 aut
407 2338 437 2395 in
461 2345 582 2415 gutture
606 2343 657 2396 331
679 2337 711 2395 13
730 2334 892 2414 stomacho,
915 2353 991 2414 quae
1011 2334 1103 2413 pluri-

47 2443 73 2482 33
88 2423 229 2485 hus'uno
253 2433 388 2502 tempore
412 2423 508 2484 solent
531 2424 665 2485 accidere
690 2432 720 2484 et
742 2423 809 2484 ideo
830 2423 1034 2502 pestilentiosa
1053 2440 1103 2501 ap·

87 2513 251 2594 pellantur,
274 2511 358 2573 valde
381 2512 454 2573 utile
478 2521 524 2574 331
547 2513 688 2573 adhibere
711 2513 895 2574 medicamen
918 2511 1103 2573 huiusmodi:

87 2601 214 2682 Myrrae,
238 2601 323 2662 nardi
344 2601 466 2681 Syriaci,
489 2601 627 2662 aluminis
651 2603 722 2682 lissi,
746 2603 831 2682 costi,
854 2601 946 2680 gallae
966 2600 1103 2680 Syriacae

87 2693 277 2771 immaturae,
301 2693 399 2751 333313
423 2692 546 2768 agninae
569 2691 682 2772 aridae,
706 2692 827 2752 corticis
850 2689 994 2750 malorum
1015 2688 1104 2749 Puni·

88 2797 207 2860 corum,
235 2781 368 2839 omnium
395 2781 477 2857 paria
505 2779 636 2858 pondera
665 2797 801 2840 seorsum
825 2779 1050 2839 contunduntur
1073 2785 1104 2838 et

47 2887 73 2926 ao
87 2877 192 2946 postea
210 2870 242 2928 in
262 2885 355 2928 unum
374 2869 538 2928 miscentur
557 2877 645 2948 atque
664 2867 734 2928 inde
753 2867 861 2928 dantur
880 2867 916 2926 ad
934 2868 1012 2928 diem
1027 2866 1103 2926 duae

88 2957 201 3036 cotylae
222 2975 290 3017 cum
309 2957 371 3015 3131
385 2959 497 3016 austeri
511 2957 615 3036 cyatho
630 2974 699 3018 uno.
729 2955 796 3016 Mali
811 2955 916 3016 Punici
929 2955 1012 3015 lloris
1027 2953 1102 3035 1111,
1121 2964 1156 3012 34

88 3063 206 3125 myrrae
225 3044 251 3104 ll
270 3044 305 3126 ll,
327 3043 466 3106 aluminis
484 3045 547 3105 fissi
565 3044 591 3104 11
610 3045 646 3126 ll,
670 3043 796 3106 3333111
815 3044 850 3104 ll.
883 3043 982 3105 Pulvis
1002 3061 1038 3103 ex
1056 3042 1103 3102 his

88 3137 284 3194 tenuissimus
312 3133 409 3194 lactus
436 3132 606 3194 insulilatur
639 3152 694 3212 per
722 3132 897 3193 arundinem
926 3131 1005 3211 quod
1032 3132 1104 3190 satis

89 3224 128 3282 sit
156 3221 293 3284 faucibus
320 3221 367 3282 331
394 3223 534 3302 gingivis3
562 3223 641 3301 qnod
670 3223 780 3282 lactum
809 3232 839 3282 31
866 3223 1047 3280 13131333333
1073 3225 1104 3278 31

161 3358 352 3426 bherpetem.
426 3356 606 3425 aepatitem.
676 3355 933 3410 necromantem.
1002 3357 1036 3405 20
1056 3351 1104 3404 ad-

87 3427 172 3484 hihis.
246 3433 279 3482 31
300 3428 355 3482 3131
373 3428 466 3482 oleum
485 3429 555 3495 (sio).
628 3432 663 3480 24
681 3427 711 3480 in
728 3425 894 3480 istomaoho.
962 3429 996 3478 27
1010 3423 1103 3477 mirre.

89 3505 120 3553 31
146 3499 267 3569 cotylae]
288 3499 437 3552 drachmae
459 3495 618 3553 0333133133.
691 3500 782 3565 cyalo.
855 3500 889 3546 34
907 3491 991 3548 facto.
