2564 3794
553 141 771 204 ..86-

104 301 253 363 159Nardi
282 300 377 360 Indici
406 300 453 360 vel
483 300 596 380 Syriaci
623 319 660 362 ex
687 304 755 362 vino
784 310 883 362 vetere
913 303 977 361 triti
1009 304 1171 382 siccatique

158 389 255 468 pulvis
274 407 329 468 pro
348 389 543 468 xerooollyrio
563 389 658 450 oculis
680 392 827 469 inpositus
852 389 1028 450 mirabiliter
1049 391 1171 470 prodest

104 490 155 540 160
163 478 198 538 ad
218 477 401 539 valetudines
421 496 511 556 supra
530 481 664 557 scriptas.
688 477 746 538 Mel
765 481 908 556 optimum
924 477 1122 558 despumabis,
1137 489 1171 540 nt

156 566 232 627 bene
256 585 366 646 purum
389 568 437 646 sit,
460 575 490 627 et
513 565 690 627 admiscebis
714 569 779 645 pari
802 585 942 627 mensura
961 585 1067 628 sucum
1085 576 1170 628 rutae

155 664 186 716 ct
213 653 324 714 herbae
353 654 537 714 chelidoniae
565 664 654 734 atque
683 655 719 715 ad
747 657 851 716 tertias
877 655 1026 734 decoquas
1049 663 1079 716 et
1102 671 1198 717 cume

156 745 254 804 omnia
277 743 354 803 bene
378 745 601 823 permiscueris,
624 745 655 804 in
679 743 807 822 ampulla
830 745 924 804 vitrea
943 743 999 804 sub
1019 744 1170 823 signaculo

155 831 287 893 servabis
316 839 346 892 et
374 834 469 892 uteris
497 834 573 892 miro
597 832 791 892 medicamine
816 832 852 892 ad
876 831 998 893 scabros
1022 840 1052 893 et
1074 832 1170 912 lippos

155 920 257 981 oculos
281 921 477 998 inungendos,
524 919 611 981 Item
635 921 675 980 ad
700 920 886 980 oculorum
910 936 1036 981 causas
1059 939 1169 980 reme·

154 1009 212 1069 dia
240 1009 391 1087 physica
415 1016 449 1068 et
472 1008 708 1070 rationabilia
731 1009 886 1090 diversa,
914 1009 948 1069 id
977 1019 1031 1069 est
1054 1008 1170 1069 oculis

154 1100 230 1158 ictu
253 1096 363 1156 laesis
388 1107 422 1157 et
446 1099 476 1156 si
500 1097 585 1176 quid
605 1097 727 1158 subito
747 1115 808 1157 eos
827 1098 944 1158 fuerit
962 1099 1169 1176 ingressum
1184 1114 1211 1152 ιο

154 1193 189 1245 et
212 1185 402 1244 adversum
426 1184 613 1245 molestias
636 1185 793 1263 pilorum
817 1194 852 1246 et
875 1185 914 1245 ad
935 1186 1117 1264 aegilopas
1136 1196 1171 1246 ct

154 1273 194 1333 ad
218 1272 430 1352 nyctalopas
450 1282 485 1332 et
503 1273 543 1333 ad
563 1273 721 1352 varulos,
744 1273 853 1334 idest
876 1274 1068 1334 bordeolos
1088 1293 1170 1334 ocu-

154 1361 199 1420 lis
223 1361 394 1440 infestos,
422 1361 479 1420 bis
509 1361 652 1421 additae
675 1361 769 1421 inira
792 1361 1028 1440 collyriorum
1052 1362 1168 1422 diver-

101 1461 278 1511 1olsorum
303 1449 563 1511 conlectiones.
601 1449 795 1529 Quocumque
814 1452 876 1510 ictu
895 1449 993 1510 laesus
1017 1451 1121 1511 oculus
1145 1454 1171 1511 si

155 1537 399 1617 sanguinolentus
414 1537 571 1618 videbitur,
590 1537 780 1616 palumbinus
800 1540 828 1598 ei
843 1538 888 1598 vel
902 1539 1033 1616 perdicis
1048 1539 1094 1599 vel
1108 1547 1169 1600 tur·
1184 1555 1210 1596 15

154 1629 231 1687 turis
247 1629 376 1706 sanguiS,
394 1633 446 1687 aut
460 1629 486 1687 si
499 1626 572 1687 hacc
587 1626 722 1686 animalia
736 1644 796 1686 non
815 1636 912 1707 erunt,
930 1625 1119 1688 columbinus
1133 1629 1170 1688 de

103 1718 249 1794 162pinna
264 1714 398 1776 sublatus
413 1717 521 1796 statim,
539 1715 569 1775 id
585 1722 631 1774 est
645 1714 740 1775 adhuc
755 1714 863 1796 calens,
882 1715 1064 1776 infundatur.
1088 1716 1170 1777 Bitu·

154 1807 243 1887 mine,
265 1803 407 1883 sulphure
427 1811 457 1864 et
476 1811 542 1864 ture
562 1805 718 1884 permixtis
735 1803 836 1864 oculos
850 1805 913 1865 ictu
927 1803 1022 1866 laesos
1037 1805 1169 1866 suffumi-

102 1901 234 1974 163gato,
254 1895 353 1953 statim
373 1892 500 1975 sanabis,
520 1894 546 1953 si
565 1893 738 1971 frequenter
757 1891 787 1952 id
806 1892 922 1954 seceris.
954 1892 1061 1974 Herba,
1081 1913 1168 1972 quam

154 1981 259 2042 Graeci
277 1981 482 2061 sarcocollam,
505 2000 560 2041 nos
584 1982 784 2058 argemoniam
807 1981 998 2062 appellamus,
1021 1984 1047 2041 si
1066 1981 1168 2043 viridis
1183 1998 1208 2038 so

154 2072 220 2150 crit,
238 2071 317 2150 trita,
337 2071 384 2130 sin
403 2070 493 2149 arida,
516 2068 609 2130 calida
628 2087 704 2148 aqua
723 2076 878 2149 macerata,
898 2087 956 2147 quo
976 2068 1091 2129 facilius
1110 2073 1168 2130 teri

153 2160 256 2238 possit,
271 2158 353 2218 inlita
368 2157 462 2218 oculis
477 2156 679 2235 sugillationes
693 2156 861 2236 livoresque
875 2175 980 2217 eorum
993 2165 1109 2218 mature
1124 2159 1167 2218 di·

104 2248 260 2310 lotscutit.
294 2245 443 2323 Sanguine
463 2244 631 2305 hirundinis
650 2247 764 2306 recenti
780 2263 814 2306 ac
829 2245 928 2323 tepido
942 2246 1083 2306 inunctus
1099 2265 1167 2307 ocu·

101 2333 204 2398 malus
222 2335 285 2393 ictu
304 2332 402 2392 laesus
426 2340 456 2392 et
478 2351 584 2392 cruore
604 2334 736 2393 suffusus
755 2335 854 2394 statim
874 2333 1034 2394 sanabitur.
1073 2333 1167 2395 Radix

153 2429 238 2482 rutae
257 2423 328 2482 trita
342 2428 372 2481 et
386 2420 468 2480 inlita
483 2421 577 2481 oculis
592 2439 699 2482 cruore
715 2422 835 2482 suffusis
850 2424 940 2482 etiam
954 2441 1123 2483 commansa
1138 2432 1168 2484 et
1182 2439 1207 2478 25

153 2509 275 2570 adsidue
290 2511 386 2588 posita
399 2508 560 2588 plurimum
575 2510 711 2590 prodest;
726 2512 828 2570 vinum
840 2528 968 2591 quoque,
983 2512 1014 2570 in
1029 2530 1087 2590 quo
1100 2520 1168 2573 ruta

102 2599 209 2663 loadiu
223 2599 313 2659 luerit
327 2605 483 2678 macerata,
497 2597 711 2659 rationabiliter
723 2598 899 2660 infunditur.
922 2598 1055 2660 Mulieris
1066 2602 1168 2678 primi·

153 2705 241 2767 parae
261 2705 353 2766 purae
372 2705 406 2746 ac
425 2686 536 2747 nitidae
555 2687 644 2748 saliva
658 2689 766 2748 ieiunis
780 2687 921 2748 instillata
936 2687 1029 2748 oculis
1044 2687 1168 2750 livorem

102 2776 412 2854 torsullusionemque
431 2775 592 2854 quamlibet
606 2783 760 2836 cruentam
777 2776 938 2836 efficaciter
952 2776 1062 2838 adimit.
1095 2776 1168 2838 Her-

154 2863 208 2925 bae
228 2866 392 2925 vettonicae
411 2863 481 2924 lolia
504 2872 583 2924 teres
607 2871 638 2924 ct
656 2864 725 2924 salis
748 2865 814 2924 triti
836 2865 986 2926 modicum
1009 2865 1119 2926 adicies
1138 2876 1168 2927 et
1182 2884 1209 2924 ao

154 2970 245 3030 super
267 2954 329 3014 ictu
352 2951 524 3032 perculsum
547 2952 593 3012 vel
614 2951 773 3013 cruoribus
794 2953 941 3014 suffusum
960 2953 1079 3014 oculum
1098 2973 1167 3014 con-

153 3039 271 3121 ligabis,
294 3043 370 3101 mire
393 3041 540 3122 proderit;
563 3058 631 3100 nam
650 3040 767 3119 quando
791 3043 820 3101 ei
842 3041 872 3101 id
896 3042 1029 3123 solveris,
1052 3041 1167 3103 videbis

153 3147 190 3190 ex
214 3148 249 3190 eo
273 3131 448 3208 sanguinem
471 3128 634 3209 destillare,
661 3131 702 3189 ita
730 3147 848 3190 omnem
876 3148 995 3191 causam
1024 3131 1166 3192 extrahet.

102 3217 237 3282 1o8Lana
261 3217 363 3280 sucida
391 3217 553 3279 madefacta
582 3217 646 3278 olco
670 3219 797 3297 vinoque
825 3221 972 3298 permixto
1000 3237 1033 3280 ac
1061 3227 1167 3299 tepens
1257 3219 1258 3222 ’

154 3308 248 3369 oculis
282 3309 471 3387 superposita
503 3308 613 3384 optime
650 3308 720 3366 vitia
752 3325 843 3386 supra
875 3309 987 3386 scripta
1018 3317 1167 3387 persanat.
1183 3327 1209 3367 aa

225 3500 259 3549 33
279 3494 417 3550 distillare
438 3493 598 3550 Cornovius.
