2564 3794
474 139 716 206 -157—

90 299 152 387 est,
180 305 232 366 sed
259 307 343 384 prius
367 322 492 383 corpore
516 304 677 383 perfricato
701 303 766 365 oleo
789 303 899 386 calido;
926 305 1050 383 prodest
1073 312 1103 366 et

90 397 153 476 his,
181 395 233 474 qui
261 395 324 454 sine
352 392 478 453 horrore
505 394 633 453 circuitu
662 391 791 454 febrium
814 401 971 475 vexantur,
999 413 1103 473 quam·

90 484 196 545 obrem
217 483 399 562 lexipyretos
421 481 495 542 haec
517 483 683 560 conpositio
707 481 826 542 dicitur.

179 571 243 631 Alia
270 571 437 650 conpositio
464 570 502 630 ad
531 579 644 630 tussem
672 570 785 630 aridam
812 578 843 630 et
869 570 1046 649 glutinosam
1072 579 1103 632 et
1122 584 1156 632 10

63 659 253 722 edifficulter
276 658 498 741 excreantibus,
526 666 634 738 purgat
661 660 750 720 etiam
777 660 945 720 interaneas
972 661 1102 720 vomicas

91 758 121 810 et
145 750 387 828 suppurationes,
411 748 519 826 accipit
541 746 627 808 haec:
663 745 730 807 Lini
758 747 893 830 seminis,
920 749 1034 808 urticae
1058 765 1102 808 se·

91 839 195 918 minis,
217 837 351 898 nasturci
374 837 510 916 seminis,
540 837 594 895 iris
617 834 750 914 Illyricae
772 835 881 896 radicis
905 838 1008 915 aequis
1030 853 1102 915 pon·

90 925 221 986 denibus.
255 923 389 984 Haecin
412 923 564 1002 pulverem
588 924 683 1002 redigi
706 931 737 984 et
758 925 880 984 misceri
897 933 1016 1003 oportet
1034 943 1103 985 cum

1 1069 2 1092 ,
89 1014 177 1075 melle
205 1021 235 1074 et
257 1014 431 1091 frequenter
456 1014 557 1073 ieiuno
584 1031 639 1091 per
662 1012 841 1073 coclearium
864 1013 936 1074 dari.
979 1013 1102 1074 Stercus
1122 1025 1156 1074 tt

1 1111 2 1116 ’
50 1125 76 1163 10
90 1105 248 1183 porcinum
276 1104 388 1162 siccum
411 1100 566 1180 inligatum
589 1100 747 1180 phoenicio
771 1109 801 1161 et
824 1101 899 1162 collo
924 1119 1102 1181 suspensum

90 1202 206 1252 tussem
228 1190 467 1250 molestissimam
491 1189 582 1250 sedat.
623 1188 735 1268 Hysopi
759 1221 802 1233 -
820 1190 843 1267 l,
865 1199 982 1250 mentae
1006 1193 1102 1250 siccae
1123 1203 1155 1252 12

94 1313 132 1324 -
153 1280 175 1361 l,
198 1278 280 1358 pulei
303 1281 375 1339 sicci
396 1309 434 1321 -
451 1277 473 1358 l,
496 1277 593 1338 mellis
615 1277 732 1339 decocti
753 1311 791 1321 -
808 1277 843 1358 ll,
866 1278 1001 1340 marrubi
1022 1277 1103 1358 -1,

1 1443 2 1448 γ
91 1370 246 1449 papaveris
269 1399 312 1410 -
331 1366 357 1448 l;
386 1376 456 1427 sunt
484 1367 536 1446 qui
558 1366 671 1427 addunt
696 1375 727 1427 et
749 1366 881 1445 sulpuris
905 1369 962 1427 vivi
985 1385 1102 1428 semun-

92 1460 176 1518 ciam.
221 1455 301 1516 llaec
324 1457 393 1516 trita
417 1456 649 1535 permiscentur,
673 1465 706 1516 ut
728 1454 953 1534 pseudoliquida
977 1458 1050 1537 sint,
1074 1463 1104 1516 et

51 1565 78 1606 15
91 1563 148 1626 per
170 1545 300 1605 cocleare
324 1545 442 1624 dantur,
464 1545 506 1603 ita
529 1549 563 1604 ut
585 1561 640 1622 per
663 1543 796 1604 triduum
819 1543 964 1605 coclearia
987 1543 1103 1623 singula

92 1635 144 1714 qui
167 1635 256 1694 tussit
278 1635 398 1694 ieiunus
421 1633 555 1710 accipiat.
591 1630 725 1693 llederae
750 1631 818 1692 lolia
841 1635 898 1692 tria
917 1651 986 1692 cum
1004 1632 1102 1693 tribus
1126 1643 1155 1692 13

91 1723 192 1802 granis
220 1723 333 1801 piperis
361 1739 397 1781 ex
424 1723 486 1780 vini
513 1719 618 1800 cyatho
647 1728 677 1780 et
703 1739 797 1799 aquae
824 1721 935 1781 calidae
959 1729 1104 1799 quantum

92 1811 220 1872 sulliciat
243 1812 338 1888 prima
361 1810 409 1870 die
432 1809 530 1890 dabis,
553 1811 690 1888 sequenti
713 1809 761 1869 die
785 1808 853 1869 lolia
877 1810 1010 1888 quinque
1034 1827 1103 1870 cum

91 1901 192 1978 granis
211 1901 343 1978 quinque
366 1897 502 1958 similiter
521 1904 555 1958 ut
574 1915 673 1978 snpra,
698 1899 785 1958 tertia
809 1897 856 1958 dio
876 1897 945 1958 lolia
966 1897 1016 1958 Vll
1034 1917 1104 1959 cum

0 2062 1 2071 ἵ
50 1990 192 2066 sogranis
214 1986 265 2046 Vll
292 1986 429 2047 similiter
452 1993 485 2046 ut
509 2004 612 2065 supra,
640 1985 692 2046 sed
720 1987 839 2046 infirmo
863 2005 898 2047 ex
922 1985 1004 2047 calda
1028 2005 1104 2066 aqua

91 2075 189 2156 dahis3
219 2075 395 2135 mirabiliter
422 2082 535 2135 tussem
564 2075 698 2153 quamvis
725 2074 880 2136 molestam
903 2082 934 2135 et
956 2083 1103 2135 vetustam

91 2164 218 2226 sedebis.

180 2252 223 2313 nd
248 2252 391 2313 diutinam
414 2258 537 2332 tussem,
561 2269 637 2330 quae
660 2269 822 2330 numquam
846 2250 955 2310 desinit
977 2257 1008 2310 et
1031 2251 1103 2311 satis
1123 2262 1157 2311 14

91 2341 216 2402 molesta
244 2349 303 2421 est,
330 2340 515 2400 medicamen
538 2339 628 2400 iacies
653 2342 710 2400 sic:
747 2337 860 2399 Laricis
883 2338 967 2418 -1,
990 2340 1104 2418 piperis

49 2447 77 2488 es
92 2461 133 2473 -
154 2429 177 2511 1,
201 2431 282 2490 croci
307 2461 345 2473 -
366 2428 388 2506 l,
411 2447 528 2508 myrrae
552 2459 589 2471 -
611 2427 633 2507 1,
656 2427 802 2488 marrubii
823 2429 906 2488 tunsi
929 2429 994 2488 suci
1017 2445 1103 2507 quar-

90 2520 214 2600 tarium,
242 2518 317 2578 licus
345 2518 439 2577 siccas
467 2524 544 2597 tres,
576 2516 671 2576 mellis
701 2518 807 2595 optimi
834 2515 911 2595 quod
941 2518 1013 2577 satis
1037 2534 1103 2576 esse

91 2608 293 2668 aestimaveris
316 2623 440 2686 coques,
463 2605 536 2666 haec
559 2607 671 2684 pariter
694 2604 833 2665 miscebis
857 2613 887 2664 et
909 2612 1047 2666 conteres
1070 2623 1103 2664 ac

92 2698 135 2756 sie
164 2698 263 2757 ieiuno
290 2693 391 2755 triduo
419 2695 562 2755 continuo
590 2693 734 2754 coclearia
757 2693 872 2772 singula
895 2692 993 2774 dabis,
1016 2695 1103 2754 mira·

91 2784 173 2845 beris
196 2783 374 2864 remedium3
397 2783 449 2843 sed
474 2785 500 2842 si
522 2799 646 2842 neeesse
670 2782 769 2862 luerit,
795 2783 975 2842 intermissis
998 2781 1104 2842 diebus

50 2891 78 2931 ao
91 2875 208 2934 iterum.
225 2891 258 2933 ac
283 2873 401 2950 saepius
424 2870 521 2952 dahis3
545 2870 602 2931 hoc
625 2872 714 2930 etiam
737 2869 882 2949 pthisicos
905 2877 999 2932 sanat.

180 2961 224 3021 ld
248 2969 362 3022 tussem
386 2979 422 3020 ex
444 2960 636 3039 perfrictione
658 2958 811 3019 collectam
839 2958 1022 3020 medicamen
1046 2957 1156 3018 hoelo

92 3050 165 3111 utile
188 3058 247 3111 est:
279 3050 363 3110 dceti
385 3051 489 3128 optimi
511 3047 674 3129 heminam,
697 3065 791 3126 aquae
814 3047 976 3127 heminam,
998 3047 1106 3126 hysopi

94 3131 186 3224 2Vl
204 3147 265 3200 tam
284 3138 336 3198 diu
359 3155 480 3216 coques,
503 3135 598 3196 donec
621 3137 656 3196 ad
680 3136 869 3196 medietatem
888 3136 1104 3214 decoquantur3

92 3237 156 3288 tum
179 3227 328 3288 heminam
351 3225 447 3286 mellis
470 3225 541 3284 boni
564 3225 732 3304 despumati
755 3224 865 3284 adicies
887 3232 917 3285 et
935 3222 1016 3283 lento
1035 3225 1104 3300 igne

163 3360 363 3432 elexipyreas.
435 3359 665 3429 igluttinosem.
721 3364 754 3412 10
772 3357 898 3414 foenitio.
956 3361 988 3410 12
1007 3353 1103 3424 pullei.

94 3439 126 3488 15
146 3433 298 3504 coclearis]
318 3431 482 3488 cottidiana.
579 3437 613 3484 16
631 3429 698 3500 trie]
718 3429 794 3484 trita.
889 3433 924 3481 26
942 3426 1011 3498 tres]
1031 3441 1104 3480 ares.

92 3511 126 3561 27
145 3503 335 3560 estimaveris:
354 3501 559 3558 existimaveris
577 3500 740 3570 Stephanos.
