2540 3802
542 163 578 174 -
627 128 693 192 242
739 163 783 174 -κ

102 306 136 355 tt
245 291 389 352 Catellum
412 291 569 352 lactantem
594 292 631 350 de
650 307 743 350 canna
762 290 864 350 occide
888 289 972 350 etde
991 291 1056 366 ipsa
1077 309 1174 351 canna

156 379 289 458 splenem
318 381 382 441 eius
411 379 480 440 tolle
508 398 542 439 ac
570 380 716 439 nescienti
746 377 901 457 splenitico
928 379 960 438 in
988 375 1174 439 carbonibus

102 481 135 530 73
156 477 274 529 coctum
298 468 344 528 vel
366 477 496 529 assatum
515 466 752 528 manducandum
772 467 847 527 dato.
885 467 1071 526 Ammoniaci
1090 465 1172 546 drag.

155 575 206 616 sex
231 575 267 617 ex
291 564 374 617 aceto
398 556 506 617 dilutas
530 575 583 635 per
608 574 659 616 sex
682 556 746 616 dies
769 555 882 615 lienoso
903 556 1003 615 ieiuno
1022 553 1110 614 dabis
1130 555 1173 616 bi·
1260 585 1261 590 1

154 644 280 726 bendas,
307 647 348 705 ita
376 656 410 705 ut
438 644 563 724 singulis
591 644 696 705 diebus
719 643 850 722 singalas
874 643 1010 721 dragmas
1033 645 1198 722 accipiata

101 745 135 794 74
153 733 239 794 dceti
263 733 393 794 scillitici
411 734 542 793 Africani
565 733 686 812 cyathos
709 741 771 792 tres
795 740 825 792 et
847 735 925 792 roris
944 733 1051 792 marini
1073 765 1114 774 —
1132 732 1173 792 lll

154 829 292 883 conteres
323 821 480 900 diligenter
508 840 542 882 ac
569 825 669 882 ieiuno
697 821 810 882 lienoso
837 839 892 899 per
919 820 1053 880 triduum
1084 821 1173 881 dabis

155 909 311 991 bibendas3
335 929 392 989 qua
415 912 549 990 potione,
574 912 599 970 si
623 909 693 989 quid
718 917 840 988 experto
863 908 1010 988 creditur,
1034 908 1171 986 spleniti-

154 1017 221 1059 cum
246 999 282 1059 de
306 998 410 1059 ultimo
434 998 567 1078 periculo
591 998 740 1059 liberabis,

101 1100 133 1149 tt
242 1086 392 1167 Malagma,
416 1087 494 1166 quod
519 1094 549 1148 et
572 1087 684 1166 splenis
708 1095 737 1146 et
760 1088 900 1147 iocineris
919 1085 1051 1146 dolorem
1071 1094 1102 1146 et
1122 1094 1169 1146 tu·
1187 1106 1213 1145 ro

155 1193 268 1236 morem
283 1177 489 1254 potentissime
505 1183 603 1236 curat:
623 1175 872 1252 Crocomagmatis
887 1177 1050 1235 sextarium
1064 1193 1171 1255 unum,

155 1273 255 1342 guttae
279 1265 454 1324 ammoniaci
477 1263 582 1323 libram
605 1281 708 1343 unam,
735 1281 822 1322 cerae
848 1263 954 1323 libram
977 1281 1082 1343 unam,
1110 1264 1172 1324 olei

154 1355 269 1412 rosacei
289 1385 328 1394 -
345 1352 394 1412 lll.
433 1352 654 1411 Ammoniacum
678 1369 744 1410 oum
769 1361 1003 1430 crocomagmate
1027 1370 1063 1410 ex
1084 1361 1170 1413 aceto

154 1450 243 1522 teres,
267 1443 307 1501 ita
327 1451 360 1501 ut
379 1440 470 1501 colari
488 1443 591 1520 possit,
610 1448 699 1517 atque
718 1438 779 1498 illio
797 1439 897 1499 triduo
917 1458 982 1500 esse
1001 1443 1169 1522 permittes,

153 1530 248 1591 donec
272 1529 368 1590 mellis
392 1529 617 1608 spissitudinem
639 1527 758 1608 babeat3
786 1537 888 1606 postea
918 1547 985 1589 cera
1009 1527 1169 1606 liquefacta
1184 1546 1209 1587 aa

153 1628 183 1680 et
213 1635 366 1680 rosaceum
396 1618 507 1696 oleum,
536 1617 588 1678 sed
617 1633 685 1676 cum
713 1635 766 1676 sua
794 1635 860 1676 rosa
888 1619 992 1677 tritum
1020 1617 1169 1678 adicietur

153 1719 182 1768 ct
211 1707 300 1768 simul
324 1710 461 1768 universa
485 1707 657 1785 diligentius
681 1714 874 1765 conterentur
897 1714 986 1784 atque
1009 1705 1169 1766 inductum

152 1799 183 1856 in
208 1814 306 1875 panno
329 1797 512 1858 medicamen
536 1795 632 1874 spleni
656 1794 702 1854 vel
725 1797 818 1854 iecori
841 1793 1015 1872 adponetur.

100 1897 133 1946 76
243 1884 321 1945 Picis
351 1885 441 1945 durae
470 1885 644 1962 sextarium,
673 1882 795 1943 sulfuris
823 1884 881 1941 vivi
911 1915 948 1926 -
975 1881 987 1941 l
1015 1881 1105 1942 simul
1132 1884 1169 1944 ad

154 1977 252 2052 ignem
277 1975 395 2033 remitte
419 1983 448 2032 et
471 1975 617 2050 permisce
642 1981 730 2049 atque
754 1972 784 2030 in
808 1970 910 2030 charta
929 1972 1042 2052 virgine
1062 1971 1169 2032 induc·
1183 1990 1209 2029 ao

152 2070 215 2122 tum
240 2061 336 2140 spleni
359 2060 487 2140 adpone;
515 2078 575 2118 non
600 2061 684 2136 prius
708 2058 901 2138 emplastrum
925 2058 961 2118 ab
985 2077 1019 2119 eo
1044 2059 1170 2121 recedet

152 2170 239 2230 quam
264 2152 383 2229 penitus
405 2156 590 2226 persanetur.

99 2253 131 2300 77
240 2238 284 2298 dd
301 2237 434 2316 splenem
448 2234 612 2295 remedium
627 2235 786 2315 singulare,
806 2235 885 2314 quod
900 2235 936 2295 de
952 2237 1168 2314 experimentis

151 2326 284 2405 probatis
299 2323 476 2385 Gamalielus
495 2323 662 2400 patriarcha
684 2326 818 2402 proxime
839 2324 977 2403 ostendit,
997 2325 1053 2384 sic:
1076 2323 1166 2402 Lapi-

151 2413 197 2474 dis
209 2414 277 2472 Assi
293 2416 408 2473 unciam
424 2429 513 2471 uuam
528 2413 626 2493 semis,
642 2414 715 2472 visci
730 2415 866 2491 quercini
879 2415 984 2474 uncias
999 2430 1059 2493 sex,
1074 2411 1166 2474 calcis
1181 2431 1212 2472 as

152 2504 232 2561 vivae
256 2502 360 2561 uncias
384 2509 454 2579 tres,
478 2498 535 2559 olei
558 2499 673 2575 cedrini
692 2501 809 2560 unciam
828 2519 925 2562 unam.
958 2499 1038 2560 llaec
1058 2498 1167 2561 alana

151 2597 231 2650 sexta
257 2589 371 2649 decima
395 2589 500 2648 confici
529 2595 559 2648 et
587 2591 676 2668 coqui
703 2587 826 2668 debent3
854 2589 1038 2649 omnifariam
1065 2597 1167 2650 tamen

150 2687 218 2758 post
241 2679 374 2756 quintam
397 2675 541 2736 decimam
560 2675 658 2736 lunam
679 2676 768 2737 debet
787 2677 843 2737 hoc
862 2677 1045 2738 medicamen
1064 2679 1167 2755 parari

151 2777 181 2828 et
199 2767 325 2828 tamdiu
346 2767 442 2845 coqui,
462 2765 556 2825 donec
571 2764 678 2825 babeat
693 2767 822 2843 speciem
838 2765 1033 2846 malagmatis3
1055 2765 1165 2826 deinde

151 2855 287 2917 manibus
316 2853 415 2932 subigi
442 2863 472 2914 et
495 2853 597 2914 induci
619 2856 650 2913 in
674 2853 779 2932 pellem
803 2853 957 2914 alutaciam
981 2862 1069 2933 atque
1093 2853 1164 2915 inde
1180 2875 1211 2914 oo

151 2955 255 3024 tepens
279 2943 344 3004 loco
369 2941 480 3021 splenis
504 2941 612 3020 adponi
635 2943 784 3020 fasciaque
802 2941 897 3024 ligari,
921 2950 955 3003 ut
973 2943 1033 3003 illic
1052 2944 1165 3020 iugiter

150 3041 267 3094 mancat
290 3031 396 3092 diebus
420 3049 453 3090 ac
481 3028 619 3090 noctibus
643 3030 895 3112 quattuordecim,
922 3049 976 3110 per
1000 3049 1074 3110 quos
1098 3030 1165 3092 dies

151 3122 358 3183 abstinendum
377 3119 490 3180 balneis
509 3126 538 3179 et
558 3119 672 3196 frigidis
692 3127 721 3180 et
739 3137 846 3179 venere
867 3127 896 3179 et
914 3121 1010 3197 pomis
1025 3118 1164 3180 omnibus

150 3221 180 3272 et
203 3210 356 3273 holeribus
380 3217 409 3270 et
432 3207 569 3269 dulcibus
593 3209 753 3288 universis3
776 3216 875 3268 tamen
898 3215 1032 3287 tempore
1056 3206 1164 3268 hiemis

239 3417 379 3474 oscilliti.
446 3423 478 3472 12
497 3414 631 3471 ammoni.
693 3411 864 3469 recolorari
885 3412 1045 3466 (fornerius.
1100 3429 1163 3481 per·

149 3487 255 3544 mittas.
330 3495 362 3545 18
381 3489 476 3544 iocari.
549 3493 583 3541 24
602 3485 777 3555 gamelielus.
850 3487 883 3536 25
903 3481 1059 3550 querquini.
