2564 3794
551 126 766 192 ..gg-

155 287 348 350 cundioribus
376 307 436 348 non
466 289 595 367 renasci,
617 287 698 348 laete
727 287 862 348 mulieris
890 306 925 347 eo
953 287 1001 347 die
1024 306 1168 366 expresso
1261 325 1262 366 q

155 396 213 456 quo
232 379 349 456 peperit
368 378 506 454 continge
526 375 660 437 crebrius
679 375 752 455 loca,
774 375 809 435 de
831 374 939 455 quibus
957 375 1034 454 pilos
1053 375 1167 438 tuleris.

102 465 215 528 1⁷8Pili
243 467 269 525 si
297 464 391 526 oculis
418 464 537 525 molesti
565 471 666 543 erunt,
698 471 837 542 potenter
865 466 959 524 uteris
992 464 1048 525 lroc
1075 465 1167 525 medi·

155 555 282 614 camino:
306 553 446 614 Lacertae
465 553 567 614 viridis
586 553 625 612 iel
644 554 736 612 misce
756 571 824 612 cum
843 554 910 612 vino
929 552 1005 633 albo,
1024 561 1167 632 quantum

156 643 294 703 sulficere
318 644 541 722 existimaveris,
560 648 590 701 et
612 643 696 701 mitte
716 643 748 700 in
767 659 817 701 vas
837 659 957 701 aereum
975 643 1166 721 positumque
1182 656 1196 698 o

156 731 191 790 ad
211 731 303 792 solem
321 730 448 791 tamdiu
472 733 557 809 agita,
576 729 671 789 donec
690 729 918 806 crassitudinem
937 729 1033 790 mellis
1051 729 1168 810 habeat,

104 831 153 881 179
162 828 251 898 atque
274 838 311 880 ex
330 838 364 879 eo
383 816 447 880 loca
466 817 594 897 pilorum
615 817 766 879 vulsornm
785 835 872 896 unge.
909 817 1074 878 Lucernam
1093 820 1168 880 ficti·

156 907 214 968 lem
237 908 274 968 de
297 926 408 986 papyro
432 915 462 968 et
485 906 612 967 medulla
635 909 754 966 vaccina
782 907 958 966 concinnato
986 914 1075 985 atque
1104 909 1168 968 eius

156 996 238 1056 fumo
261 997 322 1056 sive
346 995 468 1074 iuligine
492 996 538 1056 vel
560 995 642 1074 ligny
664 1013 720 1077 pro
744 994 952 1073 calliblephara
975 1002 1075 1074 utere,
1108 1013 1167 1073 quo

156 1082 312 1162 palpebras
337 1101 440 1144 exesas
463 1093 493 1144 et
516 1083 632 1162 glabras
656 1085 774 1161 saepius
798 1082 967 1162 inungendo
994 1083 1213 1144 decentissi-10

105 1183 224 1232 180mas
253 1172 352 1232 iacies.
403 1170 518 1232 Glabris
545 1170 696 1251 palpebris
723 1171 799 1250 pilos
827 1171 964 1252 induces,
997 1173 1023 1232 si
1050 1189 1168 1252 oesypo,

158 1259 237 1338 quod
261 1257 316 1319 sub
340 1261 430 1319 armis
453 1262 553 1320 ovium
577 1262 719 1337 nascitur,
742 1259 856 1320 adiecta
879 1277 978 1338 myrra
996 1261 1168 1338 pariterque

156 1349 188 1406 in
206 1349 348 1407 mortario
368 1349 437 1408 trita
457 1347 579 1426 specillo
598 1347 692 1407 calido
712 1347 776 1407 loca
794 1347 862 1427 pilis
886 1347 964 1407 nuda
983 1348 1168 1426 perduxeris.

105 1434 240 1496 181Pilos
273 1435 368 1496 oculis
400 1435 541 1496 molestos
571 1434 795 1514 diligentissime
823 1435 912 1496 velles
948 1443 1037 1514 atque
1065 1455 1168 1496 eorum

157 1523 221 1584 loca
243 1523 359 1584 hircino
383 1526 526 1603 sanguine
549 1527 664 1585 recenti
682 1531 734 1584 aut
751 1523 862 1601 leporis
881 1531 932 1584 aut
950 1524 1169 1603 vespertilionis
1183 1538 1213 1579 1⁵

157 1611 265 1688 inlines
293 1611 340 1673 vel
368 1614 472 1673 canino
500 1613 576 1674 lacte
605 1614 759 1690 continges
788 1620 839 1672 aut
862 1631 917 1673 acu
940 1631 1051 1691 cuprea
1074 1613 1169 1674 calido

106 1707 246 1762 182aceto
268 1703 386 1780 saepius
401 1700 530 1762 delibuta
550 1701 705 1780 perduces.
741 1700 857 1778 Capnos
876 1703 995 1761 nomine
1010 1709 1056 1762 est
1069 1701 1169 1782 herba,

158 1791 244 1849 cuius
268 1807 358 1850 sucus
382 1791 450 1850 vino
472 1792 583 1850 mixtus
602 1797 691 1868 atque
710 1788 813 1849 inlitus
831 1788 914 1871 locis,
933 1790 970 1850 de
990 1789 1098 1868 quibus
1117 1789 1170 1868 pili

107 1876 199 1938 183ab
218 1878 312 1938 oculis
332 1879 443 1939 luerint
462 1881 609 1958 extirpati,
632 1879 749 1938 renasci
773 1895 823 1937 eos
842 1895 903 1938 non
921 1881 1075 1957 permittit.
1115 1878 1169 1938 Ra·

78 1986 80 1990 ·
159 1966 324 2026 nunculum
352 1967 476 2027 viridem
505 1967 743 2046 conprehensum
771 1984 826 2026 acu
854 1983 964 2044 cuprea
991 1968 1115 2044 pungito
1141 1975 1171 2029 et
1185 1981 1213 2020 2⁰

159 2057 302 2133 sanguine
330 2057 395 2115 eius
419 2064 542 2134 excepto
570 2054 739 2134 palpebras,
765 2053 933 2132 dequibus
957 2053 1033 2131 pilos
1057 2054 1171 2136 tuleris,

106 2142 290 2203 184subinde
314 2145 461 2224 continge,
484 2161 646 2222 numquam
669 2151 872 2203 renascentur.
918 2140 1171 2221 Sanguisugarum

159 2232 190 2290 in
209 2229 266 2290 olla
285 2230 498 2290 combustarum
517 2233 607 2291 tritus
626 2231 834 2291 delicatissime
854 2231 929 2290 einis
949 2237 979 2290 et
991 2229 1083 2290 vulsis
1102 2231 1171 2310 pilis

159 2316 367 2396 palpebrarum
390 2321 538 2397 inpositus
561 2318 607 2378 vel
630 2321 785 2398 inspersus
804 2320 922 2378 renasci
940 2336 992 2378 eos
1010 2335 1070 2378 non
1090 2321 1171 2382 sinit.

108 2404 256 2482 185Adipe
281 2405 367 2466 rituli
390 2407 416 2465 si
433 2406 592 2486 palpebras
611 2409 772 2467 crassiores
791 2408 978 2485 perunxeris,
996 2407 1171 2470 extenuabis
1186 2423 1212 2465 25

161 2511 210 2553 eas
234 2500 264 2552 el
288 2494 324 2554 ad
343 2495 498 2555 sanitatem
517 2495 672 2572 perduces
709 2495 850 2556 Eiusdem
869 2493 996 2554 medulla
1015 2513 1083 2554 cum
1103 2514 1171 2558 cera

160 2590 191 2642 et
217 2580 281 2641 oleo
309 2599 432 2642 rosaceo
456 2585 559 2660 aequis
582 2583 765 2662 ponderibus
788 2583 946 2662 liquefacta
974 2591 1004 2642 et
1026 2585 1172 2661 permixta

160 2677 190 2730 et
217 2669 254 2728 ad
282 2669 434 2748 emplastri
460 2671 582 2731 modum
608 2673 736 2750 inposita
762 2672 887 2732 duritias
910 2670 1119 2750 palpebrarum
1143 2682 1173 2734 et

161 2759 187 2817 si
212 2775 269 2836 qua
294 2758 355 2818 illic
378 2761 408 2818 in
432 2759 553 2820 modum
576 2759 735 2839 pilularum
758 2769 936 2840 nascuntur,
964 2759 1116 2821 conmollit
1139 2779 1172 2822 ac

108 2845 295 2908 186discutit.
340 2847 492 2926 Aegilopia
520 2847 658 2909 emendat
684 2849 772 2909 fimus
800 2847 989 2910 columbinus
1022 2866 1058 2908 ex
1086 2857 1212 2910 acetoso

161 2942 265 2995 coctus
289 2943 319 2996 ot
340 2935 456 3012 inlitus3
480 2938 635 2998 cicatrices
656 2955 775 3016 quoque
794 2937 949 2997 oculorum
970 2943 1001 2996 et
1019 2935 1173 3015 albugines

109 3024 241 3084 rotmiro
265 3023 402 3102 detergit.
439 3024 539 3086 Inulae
562 3027 692 3086 rusticae
715 3026 798 3086 radix
817 3024 911 3085 valide
931 3025 1173 3088 commanducata

161 3120 191 3172 et
210 3130 279 3173 eum
297 3131 369 3174 suco
389 3131 443 3174 suo
461 3115 590 3193 inposita
609 3113 756 3192 aegilopas
774 3121 912 3192 potenter
928 3112 1078 3194 emendat3
1098 3133 1172 3192 quae

162 3203 230 3280 quia
255 3201 306 3263 ubi
328 3203 442 3263 aruerit
464 3203 556 3283 cadit,
579 3204 737 3284 recentior,
761 3202 855 3262 donec
878 3208 1027 3282 persanet,
1050 3201 1171 3262 adsidue

232 3407 460 3463 toallibleiario.
548 3414 579 3462 11
599 3424 696 3478 ysopo.
775 3411 808 3461 11
827 3407 920 3462 mirra.
1002 3413 1034 3462 1a
1055 3407 1172 3478 apioillo.

162 3480 195 3528 15
213 3478 441 3546 vespertillionis.
514 3483 547 3532 25
566 3478 752 3548 porunoxeris.
