2528 3814
527 121 764 186 -296-

137 290 236 349 occisa
258 287 362 365 fuerit,
386 284 423 344 ad
446 291 581 344 ventrem
605 301 692 344 suum
717 282 829 363 alliget3
849 282 885 342 de
906 280 999 342 herba
1023 299 1155 366 quoque,

138 393 213 455 quae
236 377 331 435 muris
354 372 487 434 auricula
511 373 631 452 dicitur,
654 389 759 431 novem
779 369 848 430 folia
868 369 951 431 tollat
970 377 1000 430 et
1018 389 1088 432 cum
1109 375 1156 451 pi·
1260 357 1261 448 l

138 465 218 543 peris
246 465 346 543 granis
373 460 452 521 Vllll
479 468 556 521 terat
584 468 615 520 et
644 478 679 520 ex
708 477 783 538 aqua
813 458 896 519 bibat
925 477 979 537 per
1009 460 1155 522 triduum.
1192 497 1195 502 κ

85 565 118 614 21
139 551 229 613 Talus
257 569 376 630 quoque
405 549 515 628 leporis
545 548 709 609 ventriculo
738 547 904 626 subligatus
933 547 1066 609 dolorem
1091 552 1158 611 eius
1260 563 1261 640 y

86 654 120 702 22
140 640 278 702 excludit.
320 638 492 700 Lenticulae
519 638 638 698 hemina
665 639 697 696 in
724 643 808 696 aceto
836 636 998 697 madefacta
1027 645 1057 699 22
1088 638 1183 700 oibo⁵
1260 663 1261 704 3

88 743 120 791 23
140 731 284 809 potuique
314 728 381 788 data
408 729 508 788 ieiuno
537 728 685 786 extinctos
713 724 876 786 lumbricos
906 727 1017 786 eximit.
1063 725 1157 788 Malva

140 836 208 879 cum
239 818 342 895 senapi
365 823 448 876 cocta
473 822 503 875 22
525 817 557 875 in
580 814 671 875 calice
694 817 790 892 posita
813 832 847 874 ac
871 813 1044 875 sorbitionis
1067 816 1157 876 modo
1260 857 1261 860 κ

87 919 122 966 24
142 908 261 985 saepius
290 912 405 984 gustata
435 905 585 964 succurrit
612 902 755 964 molestiis
779 901 1003 963 lumbricorum.
1045 903 1158 965 Grano-

141 1013 209 1056 rum
232 995 269 1055 de
291 993 376 1054 malis
395 992 516 1053 Punicis
540 991 671 1052 dulcium
694 991 906 1070 acidorumque
926 1009 1016 1052 sucus
1036 1009 1158 1071 expres·
1260 985 1261 1036 ἕ

142 1101 193 1144 sus
217 1101 304 1162 passo
328 1081 461 1142 eiusdem
484 1099 642 1140 mensurae
666 1082 842 1140 inmiscetur
865 1082 1061 1159 potionesque
1080 1081 1196 1142 duae10

141 1171 178 1231 de
206 1172 354 1250 permixto
382 1171 458 1230 fiunt
486 1176 516 1229 et
542 1187 601 1229 una
630 1177 698 1229 ante
731 1187 835 1229 cenam
867 1168 967 1248 datur,
1000 1168 1055 1229 alia
1087 1179 1157 1248 post

142 1276 259 1338 cenam,
287 1265 407 1336 postera
435 1257 484 1316 die
512 1259 636 1317 tertiave
664 1255 827 1317 lumbricos
855 1256 901 1316 vel
928 1258 1024 1317 tineas
1052 1265 1156 1336 poten·
1260 1249 1261 1252 '

141 1353 188 1406 ter
212 1345 339 1424 expellit.

88 1444 123 1494 25
233 1432 355 1494 Stercus
379 1435 534 1512 caprinum
558 1433 674 1494 aridum
697 1435 802 1494 tritum
825 1432 940 1493 adiecto
963 1431 1051 1493 melle
1072 1437 1157 1512 potui

89 1534 122 1583 26
139 1523 244 1600 datum
263 1540 300 1582 ex
319 1540 393 1601 aqua
413 1521 506 1583 calida
524 1524 599 1583 mire
618 1522 758 1602 producit
775 1523 879 1582 tineas.
912 1521 1031 1582 Corvini
1046 1535 1195 1584 cornus1⁵

143 1611 281 1672 conbusti
309 1613 385 1672 cinis
417 1614 505 1672 tritus
534 1630 569 1672 ex
597 1629 673 1690 aqua
699 1619 788 1690 potus
816 1612 912 1670 tineas
940 1618 1079 1688 potenter
1110 1631 1157 1672 ex·

89 1712 122 1760 27
142 1700 232 1780 pellit.
271 1699 401 1760 Ralanus
425 1719 461 1760 ex
485 1718 560 1779 aqua
583 1701 618 1760 ad
642 1701 745 1760 tertias
769 1695 948 1777 decoquitur
972 1717 1066 1778 eaque
1085 1702 1154 1760 rino

88 1789 233 1850 admixta
257 1788 292 1848 ad
316 1788 506 1866 extirpandas
529 1791 624 1849 tineas
647 1787 761 1849 utiliter
783 1786 904 1848 bibitur.
942 1786 1037 1847 Radix
1057 1789 1157 1849 inulae

142 1879 174 1937 in
196 1879 265 1938 vino
285 1876 472 1958 decoquitur,
497 1877 603 1937 deinde
623 1894 714 1938 sucus
733 1878 797 1936 eius
817 1878 993 1953 exprimitur
1011 1879 1157 1956 potuique

143 1965 230 2026 datur
253 1965 289 2026 ad
312 1967 407 2026 tineas
427 1965 608 2046 enecandas3
632 1965 685 2026 sed
705 1983 738 2025 ea
756 1964 840 2025 radix
859 1972 1052 2043 posteaquam
1072 1973 1156 2027 eruta
1172 1977 1198 2016 20

14 2111 21 2122 ,
90 2066 123 2114 29
144 2061 198 2134 est,
222 2051 334 2115 terram
357 2071 417 2114 non
441 2053 530 2114 debet
553 2053 714 2132 adtingere
755 2053 859 2114 Aleum
883 2055 914 2113 in
938 2053 1085 2113 oenomeli
1108 2055 1158 2114 de-

145 2150 264 2204 coctum
288 2151 318 2203 et
341 2153 475 2202 voratum
498 2143 633 2221 proderit
655 2141 809 2203 lumbricis
831 2141 876 2201 vel
894 2143 983 2202 tineis
1002 2143 1158 2222 necandis3

145 2249 221 2310 aqua
245 2248 372 2311 quoque,
395 2233 426 2290 in
451 2248 508 2309 qua
532 2229 627 2308 lupini
646 2226 762 2292 decocti
781 2231 900 2310 luerint,
924 2229 1022 2290 addila
1041 2237 1109 2290 ruta
1128 2243 1158 2292 et

91 2331 125 2380 30
144 2321 248 2396 pipere
273 2321 344 2379 trito
363 2320 447 2397 potui
465 2318 532 2380 data
551 2319 696 2380 medetur.
732 2319 819 2392 licini
837 2321 898 2379 sive
918 2317 1051 2398 corymbi
1069 2319 1157 2379 hede-

145 2424 195 2466 rae
214 2413 277 2466 tres
296 2409 419 2467 contriti
437 2408 468 2466 in
488 2407 613 2487 oxymeli
632 2408 746 2469 utiliter
765 2407 922 2468 adversum
939 2409 1034 2467 tineas
1051 2406 1157 2468 bibun-
1174 2419 1203 2458 2⁵

144 2502 195 2555 tur
218 2501 269 2554 aut
291 2497 388 2555 ventri
410 2495 585 2557 inlinuntur.

92 2596 125 2644 31
236 2581 374 2642 Absinthi
393 2585 465 2644 sicci
481 2583 632 2645 Santonici
651 2583 790 2645 conbusti
804 2583 942 2664 cyathum
956 2601 1058 2662 unum,
1073 2585 1159 2644 corni

145 2671 258 2732 cervini
282 2669 421 2732 conbusti
439 2672 577 2750 cyathum
596 2691 697 2753 unum,
717 2675 775 2752 apii
795 2675 917 2733 seminis
936 2674 1000 2732 triti
1018 2672 1158 2752 cyathum

144 2777 238 2820 rmum
261 2758 402 2819 miscebis
426 2767 456 2820 22
478 2761 592 2842 ieiuno,
621 2763 673 2839 qui
697 2763 793 2821 tineas
820 2760 1042 2840 lumbricosque
1066 2761 1157 2840 patie-

144 2857 202 2927 tur,
218 2866 262 2908 »ex
286 2865 361 2925 aqua
381 2847 473 2907 calida
492 2851 577 2927 potui
595 2848 678 2911 dabis
697 2849 867 2910 moderatus
887 2867 1057 2910 mensuram
1075 2851 1156 2910 iuxta
1172 2859 1201 2898 ³⁰

144 2944 270 2997 aetatem
294 2937 447 2996 sumentis.

89 3037 124 3086 32
233 3023 277 3084 dd
300 3022 463 3086 lumbricos
486 3025 637 3086 eiciendos
659 3025 826 3086 remedium
850 3027 957 3086 mirum
983 3028 1038 3087 sio:
1072 3025 1157 3086 Satu-

143 3115 224 3174 reiae
252 3113 363 3173 fascem
391 3111 503 3174 bonum
527 3132 596 3175 cum
619 3132 711 3193 aquae
735 3112 766 3174 θ
786 3113 827 3174 lll
850 3117 950 3174 mittes
969 3117 1000 3174 in
1024 3133 1074 3174 vas
1097 3131 1157 3174 arn-

143 3202 226 3281 plum
255 3209 285 3262 et
313 3200 470 3280 diligenter
498 3202 630 3286 claudes,
658 3213 777 3282 postera
805 3203 852 3263 die
881 3202 991 3263 colabis
1015 3211 1045 3264 et
1067 3203 1158 3263 addes

216 3411 280 3464 3et
299 3415 363 3464 acle
382 3425 415 3464 ex
433 3425 483 3466 cm.
539 3387 595 3462 ἱ22
614 3407 707 3462 fuerit.
784 3412 818 3462 24
836 3406 926 3474 potui.
1008 3413 1042 3462 30
1060 3405 1156 3460 mode·

144 3479 236 3532 ratem
256 3481 416 3537 dornoniae.
503 3485 537 3534 32
557 3479 718 3534 lumbricus.
810 3477 961 3548 satureiae]
981 3476 1156 3546 sadoregem.
