2528 3814
486 141 640 207 -263
687 177 728 186 -

100 308 151 361 777
183 301 283 362 sumus
316 309 449 382 emanet3
486 301 691 364 efficacissime
726 302 907 364 incommodi
944 303 1008 364 eius
1041 304 1114 364 vitio

102 389 221 452 carebit.

188 479 273 540 Asini
299 497 388 539 rencs
416 479 538 539 arefacti
565 486 654 558 atque
679 481 777 542 exusti
799 481 936 560 tritique,
959 479 990 540 id
1013 488 1059 542 est
1082 483 1114 542 in
1134 493 1168 543 77

100 567 252 645 pulverem
280 569 490 628 tenuissimum
518 567 644 649 redacti,
672 575 702 628 et
729 587 765 629 77
788 585 928 630 mensura
951 569 1114 632 conchulae

73 657 191 717 777177
219 675 287 718 cum
316 659 378 717 vini
404 658 481 717 meri
508 655 620 736 cyathis
650 656 767 718 duobus
795 659 999 738 strangurioso
1029 661 1115 737 potui

101 744 162 806 dati
185 745 346 806 efficaciter
369 746 534 806 medentur.

189 832 291 894 Verris
319 833 444 894 silvatici
470 833 575 894 lotium
601 852 670 894 cum
693 852 746 895 sua
768 836 882 895 vessica
906 837 937 896 in
960 835 1042 896 fumo
1066 853 1114 896 su·
1134 849 1168 900 73

101 939 242 1001 sponsum
266 931 296 983 et
319 923 506 983 adservatum
530 923 742 1000 stranguriosis
761 941 830 984 cum
848 925 969 1002 potione
988 925 1115 985 mixtum

10 1017 11 1020 ’
99 1012 185 1089 potui
212 1009 314 1072 datum
342 1011 546 1072 efficacissime
573 1011 703 1090 prodest.
750 1009 806 1072 Pili
834 1014 948 1091 caprini
976 1011 1116 1075 conbusti
1134 1027 1170 1078 74

10 1129 12 1194 l
59 1114 86 1153 ro
100 1101 224 1178 tritique
252 1107 282 1160 71
309 1102 340 1160 17
368 1101 487 1178 7771777
518 1099 579 1160 dati
607 1102 827 1178 stranguriosos
854 1109 993 1180 potenter
1017 1119 1115 1164 emen·

10 1195 12 1270 7
100 1187 178 1248 dant.
215 1187 426 1249 Pedicnlorum
449 1189 625 1268 agninorum
648 1188 841 1250 decoctorum
864 1191 911 1250 ius
932 1192 1017 1269 potui
1036 1207 1114 1250 sum·
1134 1205 1168 1254 77

10 1283 11 1346 l
98 1283 184 1354 ptum
203 1279 415 1356 stranguriosis
433 1276 596 1356 plurimum
614 1276 745 1354 prodest.
771 1277 905 1339 lrenacei
919 1297 988 1340 caro
1003 1281 1114 1357 optime
1134 1293 1168 1343 76

100 1365 221 1426 decocta
245 1373 333 1444 atque
356 1367 388 1428 in
412 1365 478 1425 cibo
502 1373 619 1443 sumpta
643 1367 854 1444 stranguriosis
878 1369 953 1428 mire
976 1367 1115 1428 subvenit

102 1461 133 1513 et
156 1455 215 1514 cito
238 1454 403 1515 naturalem
426 1455 531 1514 urinae
555 1471 676 1516 cursum
700 1453 820 1516 7717771.

59 1556 85 1596 15
192 1541 313 1604 Cocleae
336 1543 446 1603 crudae
470 1544 615 1603 contritae
639 1561 708 1603 cum
731 1545 816 1604 testis
840 1545 903 1604 suis
922 1550 952 1604 et
971 1561 1007 1602 ex
1026 1561 1114 1622 passo
1134 1557 1168 1607 77

102 1648 156 1709 777
179 1631 242 1692 dies
267 1639 380 1710 septem
403 1640 454 1692 aut
473 1637 507 1691 ut
529 1630 692 1710 plurimum
715 1649 822 1692 novem
844 1633 930 1710 potui
948 1631 1032 1692 datae
1052 1631 1114 1692 elli·

101 1720 212 1780 caciter
240 1720 376 1798 dysuriae
403 1728 538 1799 prosunt.
584 1719 683 1782 Amuli
706 1722 889 1782 semunciam
911 1722 1000 1780 terito
1024 1727 1114 1799 atque
1134 1730 1168 1782 78

101 1807 200 1868 addito
224 1827 312 1868 ovum
335 1826 441 1870 recens
466 1810 584 1868 eteius
613 1810 660 1869 ovi
687 1816 794 1869 testam
822 1817 869 1869 ter
892 1827 978 1888 passo
1002 1809 1114 1888 1771717

101 1896 190 1975 idque
219 1896 359 1975 poculum
387 1897 438 1958 diu
466 1899 607 1975 agitatum
636 1905 666 1958 et
693 1897 887 1958 fervelactum
911 1900 1115 1977 strangurioso

10 2023 11 2026 =
60 1997 88 2037 20
102 2003 221 2044 reverso
250 2004 267 2044 a
293 1984 417 2046 balineis
446 1986 527 2066 dato,
558 1987 638 2046 omni
666 2005 734 2048 eum
758 1986 859 2046 dolore
883 2005 917 2047 ac
940 1986 1115 2048 difficultate

101 2072 240 2134 celeriter
263 2073 405 2135 absolves.
438 2072 524 2134 Cicer
546 2075 704 2135 arietinum
723 2077 755 2135 in
774 2093 850 2154 aqua
868 2075 1026 2154 decoquito
1046 2093 1115 2135 cum
1135 2086 1168 2138 79

10 2155 11 2158 ’
101 2161 160 2222 7717
184 2180 309 2242 eamque
333 2165 535 2242 strangurioso
555 2162 591 2224 nd
610 2161 697 2224 binos
716 2163 837 2244 cyathos
856 2162 1016 2224 bibendam
1037 2163 1115 2243 dato,

10 2267 11 2322 j
101 2252 262 2312 efficaciter
277 2253 397 2312 iuveris.
413 2246 530 2312 ¹Fimus
548 2250 739 2332 palumbinus
753 2255 785 2313 in
799 2251 961 2313 sorbitione
977 2258 1115 2330 sumptus
1133 2264 1168 2314 80

100 2358 137 2400 77
160 2339 226 2400 laba
250 2340 326 2401 facta
350 2339 521 2401 admirabile
546 2343 759 2419 stranguriosis
778 2348 910 2420 praestat
933 2339 1084 2402 auxilinm.

10 2463 11 2516 3
59 2442 85 2483 25
190 2428 354 2490 Turturum
373 2429 461 2489 limus
481 2447 516 2490 77
533 2428 628 2490 mulso
643 2438 747 2491 coctus
762 2437 792 2490 77
806 2431 901 2490 777711
915 2428 1002 2490 modo
1017 2430 1115 2490 ventri
1133 2442 1167 2492 81

10 2517 11 2526 ’
100 2537 134 2578 77
157 2517 280 2579 renibus
304 2517 467 2582 laborantis
485 2520 632 2597 inpositus
652 2519 814 2580 efficaciter
833 2517 963 2598 prodest.
998 2517 1114 2578 blentne
1134 2533 1168 2583 82

99 2607 176 2668 bene
204 2609 292 2668 tritae
321 2606 458 2668 cocliaria
486 2607 544 2668 dno
573 2626 609 2667 77
637 2625 713 2688 aqua
741 2606 835 2669 calida
862 2609 965 2668 ieiuno.
985 2625 1040 2686 per
1063 2607 1115 2668 tri-

100 2696 191 2756 duum
211 2695 303 2777 dabis,
322 2697 463 2756 continuo
484 2699 626 2757 vessicam
645 2696 790 2758 relevabis
805 2697 979 2775 urinamque
995 2694 1115 2756 laxabis.

99 2783 185 2844 Pulei
212 2783 388 2845 fasciculum
415 2785 446 2844 in
474 2783 531 2844 7117
558 2803 633 2845 7777
662 2804 698 2846 77
726 2787 794 2846 7177
822 2793 922 2846 777777
950 2785 987 2845 ad
1010 2786 1115 2845 tertias
1134 2803 1167 2854 83

58 2885 86 2926 eo
101 2872 250 2951 decoqnes
270 2881 299 2934 et
314 2874 462 2952 exprimes
477 2882 566 2952 atque
585 2873 696 2934 colabis
716 2883 746 2936 77
765 2893 801 2934 77
815 2876 884 2936 7177
904 2875 1004 2934 171777
1020 2881 1115 2934 stran-

10 3031 11 3036 ἵ
100 2963 220 3039 gurioso
244 2964 380 3040 potiones
404 2962 535 3040 singulas
554 2981 608 3041 per
627 2963 759 3024 triduum
779 2963 871 3024 dabis,
901 2961 1044 3043 Lapillus,
1063 2963 1116 3042 qui
1134 2987 1170 3037 84

10 3045 11 3104 ἐ
99 3051 251 3110 invenitur
278 3053 310 3110 in
339 3053 504 3130 scorpionis
528 3054 636 3112 marini
659 3053 765 3134 canda,
792 3055 880 3117 tritus
904 3051 1017 3112 utiliter
1040 3050 1116 3112 bibi·

99 3145 149 3198 tur
173 3157 241 3200 cum
265 3141 332 3200 vino
356 3157 372 3199 7
396 3142 608 3219 strangurioso.

206 3292 384 3348 4777771777.
436 3298 469 3348 10
488 3293 695 3363 stranguriosis.
756 3292 895 3350 emendat.
949 3297 981 3345 11
1000 3291 1115 3360 pedicu-

99 3362 191 3417 lorum
208 3365 322 3433 scripsi:
340 3362 523 3432 pecnllornm.
589 3369 621 3418 17
641 3363 785 3419 177777771.
851 3368 884 3418 17
903 3362 1031 3434 7777771]
1050 3378 1115 3432 pro·

99 3433 208 3489 7177711.
317 3439 351 3490 23
371 3435 507 3502 sumptos.
617 3440 652 3489 24
670 3436 797 3504 77777171
814 3434 928 3504 scripsi:
946 3435 1115 3504 7777777171.

99 3509 134 3558 28
153 3503 301 3562 releuanis.
375 3504 554 3574 3717771177.
968 3533 970 3536 v
