2564 3794
477 103 712 167 -129-

91 268 196 346 Cyperi
222 300 259 310 -
281 265 316 346 ll,
340 265 410 326 salis
433 268 609 327 ammoniaci
630 299 668 310 -
684 266 719 348 ll,
743 269 870 345 pumicis
890 265 999 348 -111,
1022 284 1098 327 mar·

91 357 180 417 moris
204 356 322 416 candidi
343 387 381 399 -
402 353 454 434 lll,
478 355 716 416 schoenoanthus
737 389 776 400 -
797 355 863 434 llll,
887 357 983 416 casiae
1004 355 1098 435 -ll,

91 444 152 506 folii
175 477 218 488 -
237 443 263 524 l,
285 445 398 523 piperis
426 443 483 503 albi
506 443 594 524 -Ι,
622 443 785 523 specularis
812 446 874 504 usti
899 477 936 488 —
958 443 984 523 l,
1014 447 1099 505 corni

92 535 202 594 cervini
225 535 286 593 usti
309 564 350 574 -
370 532 392 612 l,
418 535 511 592 ostrei
533 541 678 594 testarum
701 541 837 594 ustarum
855 565 899 576 -
915 533 937 612 l,
961 532 1098 593 aluminis

64 623 177 682 ascissi
198 654 234 664 -
251 620 273 700 1,
296 623 428 680 masticis
447 655 489 664 -
504 621 526 700 l,
548 623 626 682 turis
649 623 754 700 optimi
776 653 820 666 —
838 621 860 701 l,
885 638 1000 700 myrrae
1021 651 1060 664 —-
1076 619 1097 681 l.

91 710 198 770 Tunsis
212 708 404 787 criblatisque
418 709 465 770 bis
480 708 617 771 omnibus
634 717 664 771 et
678 713 708 770 in
722 709 875 788 pulverem
889 710 1098 769 tenuissimum

91 798 217 858 redactis
241 805 329 875 atque
352 799 507 875 permixtis
526 798 562 858 ad
581 797 813 858 incolumitatem
833 805 864 858 et
882 799 1009 858 nitorem
1029 797 1097 857 den·

91 887 164 946 tium
188 887 290 946 uteris.
332 883 445 946 Pernae
469 886 613 946 scroiinae
637 905 679 969 os,
703 886 782 965 quod
806 895 852 946 est
875 885 1097 966 amplissimum,
1118 900 1152 949 13

91 973 276 1034 combustum
291 975 455 1052 tritumque
471 976 615 1052 optimum
630 982 660 1035 et
670 974 788 1035 salubre
798 974 1000 1036 dentifricium
1014 991 1098 1052 prae-

50 1085 76 1122 10
91 1070 160 1144 stat3
179 1063 310 1140 gingivas
329 1063 408 1122 enim
428 1064 520 1122 siccat
536 1070 566 1123 et
584 1063 742 1142 adstringit
755 1064 918 1142 dentesque
934 1062 970 1123 ab
984 1064 1098 1123 umoris

89 1153 197 1212 iniuria
221 1159 250 1210 et
273 1157 390 1210 tumore
413 1151 553 1213 defendit.
589 1151 713 1232 Cybium
736 1155 881 1232 optimum
904 1171 937 1212 ac
961 1154 1152 1215 vetustis-14

90 1243 196 1300 simum
225 1238 299 1299 ollae
326 1239 440 1299 inditur
468 1258 561 1318 eaque
589 1241 691 1318 argilla
714 1241 933 1302 circumlinitur
957 1248 986 1301 et
1009 1241 1097 1301 furno

89 1329 204 1388 ardenti
227 1326 365 1408 obicitur,
388 1336 422 1388 ut
445 1328 481 1388 ad
505 1332 635 1390 cinerem
659 1329 778 1409 cybium
801 1338 998 1410 excoquatur,
1025 1337 1097 1390 tunc

89 1417 202 1477 adiecto
225 1415 313 1476 Pario
336 1415 432 1494 lapide
456 1425 581 1478 contuso
605 1418 774 1479 salsamenti
798 1436 888 1497 supra
911 1417 984 1478 dicti
1001 1417 1098 1478 favilla

49 1523 75 1564 15
89 1507 263 1566 conteritur.
300 1503 363 1564 Hoc
387 1505 589 1566 dentifricium
612 1509 653 1566 ita
675 1507 787 1567 bonurn
811 1514 866 1586 est,
890 1515 923 1566 ut
946 1506 981 1566 ad
1004 1507 1098 1566 inani·

89 1602 180 1654 tatem
207 1593 311 1652 dentes
339 1610 398 1653 non
427 1595 504 1654 sinat
531 1597 694 1673 pervenire.
740 1595 871 1654 Masticis
902 1627 939 1636 —
967 1592 993 1673 l,
1021 1595 1098 1653 turis
1119 1607 1152 1656 15

89 1684 193 1762 optimi
219 1713 256 1724 -
277 1681 303 1762 l,
326 1699 442 1761 myrrae
469 1715 507 1724 —
528 1683 554 1762 l,
578 1682 641 1742 folii
665 1683 752 1762 -1,
775 1685 828 1742 iris
851 1681 985 1760 lllyricae
1009 1713 1051 1724 —-
1076 1681 1096 1760 l,

89 1773 184 1831 casiae
211 1769 291 1850 -Ι,
314 1779 378 1830 tere
401 1771 474 1831 haec
498 1770 656 1849 diligenter
679 1779 767 1849 atque
789 1772 936 1849 permisce
956 1777 986 1830 et
1004 1769 1098 1830 denti-

7 1869 8 1880 *
88 1861 208 1928 fricium
231 1859 328 1940 facito,
353 1859 431 1938 quod
455 1859 611 1920 mirabere.
652 1859 743 1919 Nardi
766 1861 865 1938 spicae
884 1857 968 1938 -1‚
991 1860 1098 1918 amomi
1118 1871 1152 1923 16

47 1966 74 2006 eo
91 1981 129 1991 -
146 1947 167 2028 l,
186 1949 298 2026 piperis
316 1979 353 1990 —
369 1947 391 2028 l,
414 1948 461 2008 his
482 1950 579 2008 tunsis
598 1947 790 2026 criblatisque
810 1946 1098 2007 adincolumitatem

88 2037 222 2097 dentium
246 2035 389 2096 utendum
414 2053 479 2096 esse
503 2037 539 2096 de
563 2039 774 2116 experimentis
798 2035 965 2096 suademus.

178 2124 358 2202 Compositio
386 2125 560 2205 dentifricii,
589 2143 677 2204 quam
701 2126 850 2186 Artemius
874 2123 977 2183 Dianio
1001 2131 1098 2184 osten·
1119 2137 1151 2186 12

88 2214 144 2294 dit,
170 2221 273 2275 contra
297 2213 431 2274 dentium
455 2215 623 2274 stridorem.
669 2213 779 2274 Panem
802 2212 960 2274 candidum
985 2213 1098 2273 siccum

87 2310 252 2382 vetustum,
280 2303 333 2380 qui
355 2305 413 2362 teri
436 2305 544 2383 possit,
572 2302 676 2383 salem,
703 2305 802 2384 piper,
830 2301 947 2382 folium,
973 2308 1098 2381 costum,

44 2409 72 2450 25
87 2409 213 2452 coruum
238 2392 399 2470 cervinum,
423 2390 495 2451 haec
519 2393 622 2470 aequis
645 2391 827 2470 ponderibus
851 2400 930 2450 teres
952 2389 988 2450 ad
1007 2391 1098 2450 maxi·

85 2499 166 2540 mam
193 2479 341 2540 levitatem
370 2487 399 2539 et
427 2479 535 2540 cotidie
559 2479 628 2540 inde
652 2479 756 2540 dentes
779 2478 911 2558 curabiS,
938 2497 996 2558 quo
1020 2479 1097 2538 facto

85 2568 247 2630 stridorem
266 2585 370 2628 eorum
389 2585 507 2628 omnem
525 2587 720 2648 umoremque
740 2567 877 2648 depelles.
905 2567 949 2628 Ad
968 2566 1098 2627 colorem
1119 2577 1152 2627 18

85 2657 215 2718 nitidum
238 2657 356 2717 reducit
379 2657 483 2717 dentes
506 2659 618 2717 nitrum
642 2675 710 2717 cum
732 2675 822 2736 porro
843 2655 912 2716 rudi
931 2663 1049 2716 coctum
1068 2663 1099 2715 et

84 2765 141 2825 pro
173 2745 341 2806 dentifricio
374 2753 534 2824 sumptum.
580 2745 624 2805 Ad
657 2745 761 2805 dentes
793 2747 895 2823 nigros
927 2743 1097 2822 purgandos
1119 2753 1152 2803 19

44 2853 70 2892 ao
84 2853 194 2914 panem
223 2833 381 2894 candidum
409 2842 439 2894 et
466 2835 614 2912 pumicem
644 2836 708 2912 pari
737 2833 868 2912 pondere
897 2832 1038 2893 combure
1069 2840 1099 2892 et

84 2933 151 2984 tere
175 2929 264 3001 atque
288 2922 411 2982 adsidue
439 2922 496 2982 hoc
524 2922 692 2983 dentifricio
721 2930 814 2982 utere.
861 2920 903 2980 Ile
932 2923 1098 2999 saepiarum
1117 2931 1153 2980 2ο

86 3011 206 3072 ossibus
226 3010 305 3089 quod
324 3017 370 3071 est
388 3009 475 3070 molle
496 3045 534 3054 —
551 3009 613 3092 llll,
635 3010 704 3070 salis
722 3011 897 3070 ammoniaci
913 3043 951 3052 -
967 3009 1003 3090 ll,
1022 3027 1098 3068 mar-

84 3102 180 3160 moris
204 3099 322 3160 candidi
347 3133 385 3142 —
408 3098 447 3180 ll,
472 3098 710 3160 schoenoanthus
735 3131 774 3141 -
796 3098 863 3178 llll,
887 3099 1041 3158 casiae-
1063 3097 1099 3168 ll,

86 3189 150 3249 folii
164 3222 209 3232 -
222 3187 244 3268 l,
263 3189 375 3266 piperis
394 3187 451 3248 albi
466 3189 657 3268 semunciam,
675 3186 785 3246 herbae
804 3185 974 3266 cyclaminis
993 3201 1099 3244 sucum

160 3330 176 3378 2
197 3323 394 3392 scynoantbos.
449 3329 465 3378 'l
483 3321 716 3390 incolomitatem,
734 3322 798 3375 item
816 3327 860 3376 20.
913 3324 946 3372 10
964 3315 1098 3370 humoris.

87 3399 122 3448 15
141 3395 186 3466 ut]
207 3398 243 3449 eb.
299 3400 333 3448 21
352 3394 486 3449 utendum
505 3409 566 3448 esse
584 3409 636 3448 om.
681 3399 714 3446 22
733 3391 833 3447 Diano.
892 3395 926 3444 23
945 3388 1100 3456 canditum,

85 3467 152 3521 item
170 3472 213 3522 30.
286 3471 320 3520 33
340 3465 515 3534 soynoathos.
589 3469 624 3519 34
641 3461 804 3518 ciclaminis.

141 3563 300 3616 Maecenatis,
313 3574 352 3606 nu.
365 3565 520 3606 Hnnmnnron.
924 3553 940 3602 9
