2528 3814
472 166 508 174 —
557 130 712 196 275-

80 290 127 350 vel
155 289 259 350 similis
282 291 373 353 huius
397 271 541 352 sextarios
565 292 704 372 singulos.
746 291 826 353 llaec
850 297 948 355 omnia
971 303 1095 357 contun-

81 379 194 440 duntur
217 386 248 439 et
271 379 451 462 cribrantur,
479 380 574 442 donec
596 380 799 442 mollissimam
822 385 996 444 tenuitatem
1020 387 1095 446 aeci-

80 471 177 549 piant3
196 475 260 528 tum
278 471 311 529 in
328 468 467 548 patellam
485 469 607 530 fictilem
625 488 730 531 novam
750 470 809 530 mel
827 471 996 532 infunditur
1014 481 1095 552 tepe-

81 557 193 618 factum
215 557 297 618 molli
319 573 424 638 pruna,
448 557 518 618 dein
541 561 643 620 vinum
664 558 825 620 instillatur
843 567 992 620 macerato
1010 563 1095 640 prius

53 648 112 706 ein
141 663 175 706 eo
203 646 396 726 tragacantho
423 648 615 727 vicissimque
641 655 757 708 ceterae
782 650 897 727 species
920 651 1095 728 inspergun-

80 742 145 815 tur3
168 740 233 794 tum
257 735 345 796 simul
368 743 505 796 movetur
523 736 772 797 medicamentum
791 745 822 798 et
840 739 939 798 omnia
957 737 1095 798 omnibus

79 824 309 902 permiscentur.
345 823 419 885 Cum
438 831 537 885 autem
556 825 711 885 crocinum
731 823 861 886 colorem
879 825 1017 888 habuerit
1034 845 1095 887 me·
1190 819 1192 824 ’

8 971 9 974 ,
80 910 294 993 dicamentum‚
326 913 546 974 transfunditur
573 915 604 973 in
635 909 810 974 mortarium
840 917 1032 976 marmonium
1065 923 1095 976 et

8 995 9 1038 ἶ
80 999 123 1060 ihi
141 1001 252 1079 pistillo
271 1000 348 1062 hene
368 1001 524 1062 subactum
543 1003 700 1080 reponitur
718 1004 750 1062 in
764 1003 870 1082 pyxide
886 1021 1007 1084 cornea3
1026 1021 1095 1064 cum

39 1107 67 1148 ro
81 1107 156 1168 opus
184 1097 244 1171 est,
272 1089 361 1150 datur
387 1090 423 1149 ad
451 1108 541 1170 supra
569 1090 647 1151 diota
675 1109 744 1152 cum
771 1093 833 1152 vini
860 1091 973 1172 cyathis
996 1092 1094 1153 tribus

81 1177 212 1238 admixto
236 1184 320 1238 aceto
344 1184 432 1257 atque
455 1178 551 1258 melle,
574 1187 664 1258 prout
686 1182 784 1240 visum
808 1181 908 1242 fuerit.

169 1265 213 1326 Ad
233 1266 336 1326 eadem
354 1267 519 1328 remedium
538 1268 652 1349 efficax,
671 1268 750 1348 quod
771 1269 928 1330 conficitur
943 1270 999 1329 sic:
1018 1268 1094 1348 Myr·
1113 1283 1129 1332 9

8 1403 9 1440 y
80 1371 131 1414 rae
154 1352 266 1435 Xllll,
294 1357 375 1415 croci
398 1362 429 1415 et
450 1358 572 1434 panacis
596 1355 622 1416 X
645 1365 761 1438 ternos,
785 1357 889 1418 alterci
912 1356 988 1438 XV,
1012 1359 1095 1418 anesi

80 1441 165 1522 XII,
192 1445 252 1522 apii
279 1445 401 1503 seminis
423 1442 505 1524 XV,
534 1446 595 1524 opii
617 1444 642 1504 X
666 1445 705 1526 tl,
732 1448 886 1525 papaveris
915 1447 1036 1525 capitati
1065 1455 1095 1506 ct

38 1549 66 1592 15
80 1533 159 1592 asari
182 1530 208 1593 X
231 1533 351 1612 quinos,
375 1531 467 1610 gallae
491 1531 629 1611 Syriacae
651 1535 816 1594 inmaturae
840 1533 935 1612 XVI,
958 1536 1035 1593 mori
1058 1552 1094 1593 ex

80 1619 156 1681 rubo
184 1622 325 1681 inmaturi
352 1621 427 1681 aridi
454 1619 566 1699 Xllll‚
593 1639 679 1682 rosae
707 1622 805 1682 aridae
831 1621 926 1702 XVI,
955 1620 1095 1682 balaustii

80 1708 106 1769 X
125 1708 178 1790 111,
204 1727 289 1770 rosae
313 1711 435 1770 caninae
460 1711 525 1770 suci
547 1709 573 1770 X
592 1707 646 1790 ΙΙΙ,
674 1709 747 1770 rhus
772 1709 909 1790 Syriacae
932 1708 958 1768 X
977 1708 1010 1790 V,
1033 1709 1093 1789 pal·

80 1816 196 1859 marum
210 1805 403 1878 purgatarum
417 1796 443 1857 X
458 1796 521 1858 XX.
549 1797 630 1868 Quae
645 1805 816 1878 coquuntur
830 1817 866 1858 ex
880 1816 973 1876 aquae
989 1799 1092 1858 cister-

80 1889 168 1947 ninae
196 1889 333 1948 sextariis
360 1886 470 1968 tribus,
499 1885 593 1947 donec
621 1887 808 1966 relinquatur
836 1889 981 1947 sextarius
1005 1904 1093 1968 unus,

38 1995 66 2034 eo
81 1975 187 2036 deinde
205 1978 287 2054 ipsae
305 1975 419 2054 palmae
439 1977 647 2054 exprimuntur
665 1975 749 2054 prelo
768 1982 820 2036 artt
838 1974 950 2056 coclea3
970 1993 1006 2035 ex
1021 1993 1092 2036 suco

81 2063 185 2124 eodem
213 2073 302 2142 atque
326 2082 401 2143 aqua
425 2063 540 2124 modica
562 2064 639 2125 fiunt
661 2064 698 2124 de
722 2082 812 2143 supra
836 2065 956 2142 scriptis
980 2065 1093 2142 specie-

80 2151 136 2212 bus
164 2155 195 2213 in
219 2153 372 2231 pulverem
394 2152 523 2214 redactis
547 2151 655 2230 pastilli
678 2153 714 2213 ad
738 2151 764 2212 X
788 2154 956 2232 semissem3
984 2151 1093 2212 dautur

8 2265 9 2336 y
80 2241 225 2322 similiter,
239 2248 273 2301 ut
287 2243 371 2320 prius
385 2240 633 2302 medicamentum
648 2241 711 2301 dari
726 2249 864 2320 oportere
878 2241 1092 2320 praecepimus.

168 2329 294 2390 Prodest
316 2331 488 2390 torminosis
509 2328 687 2408 plantaginis
706 2347 797 2390 sucus
816 2329 862 2390 vel
880 2329 949 2390 rubi
967 2329 1013 2389 vel
1031 2329 1091 2390 len·
1113 2342 1145 2392 to

37 2435 64 2477 25
79 2420 149 2478 tisci
175 2418 222 2478 vel
249 2417 323 2478 rhus
347 2417 461 2497 Syriaci
489 2417 534 2478 vel
561 2417 671 2478 herbae
696 2417 829 2478 mileiolii
851 2417 898 2478 vel
920 2417 1092 2500 terebinthi,

80 2509 213 2567 omnium
237 2507 273 2566 ad
295 2505 321 2565 X
345 2508 499 2567 semissem
522 2515 611 2586 potus
635 2525 703 2568 cum
726 2509 793 2567 vino
817 2506 863 2567 rel
886 2525 969 2586 aqua.
1012 2506 1092 2567 Rene
1111 2519 1142 2568 11

79 2596 150 2656 facit
172 2597 345 2656 torminosis
368 2597 491 2656 rumicis
516 2613 626 2676 semen,
650 2603 793 2674 quantum
816 2594 905 2674 ligula
929 2597 1016 2676 capit,
1039 2597 1091 2656 tri-

79 2692 144 2744 tum
172 2703 208 2744 ex
236 2685 296 2743 vini
323 2685 436 2744 austeri
463 2684 575 2763 cyathis
604 2691 744 2764 quattuor
773 2683 818 2744 vel
846 2702 939 2764 aquae
969 2683 1092 2744 totidem

78 2775 111 2833 in
139 2781 272 2851 tempore
300 2779 412 2850 potum.
454 2772 581 2833 Glandes
607 2775 766 2852 quercinae
790 2781 852 2834 tres
876 2781 928 2834 aut
952 2781 1092 2852 quattuor
1111 2785 1144 2834 12

35 2878 64 2918 eo
79 2860 126 2920 vel
149 2860 284 2942 eiusdem
307 2860 375 2921 lolia
398 2861 444 2923 vel
466 2861 543 2921 liber
567 2864 632 2922 eins
655 2869 758 2922 coctus
781 2879 818 2922 ex
841 2881 925 2943 aqua,
949 2879 1023 2941 quae
1045 2860 1092 2921 vel

79 2949 142 3010 sola
169 2949 216 3008 vel
241 2967 310 3009 cum
333 2951 401 3010 vino
424 2951 596 3010 torminosis
619 2952 704 3029 potui
727 2950 794 3010 data
816 2950 979 3029 plurimum
1002 2949 1090 3028 prod-

79 3045 133 3098 est.
167 3036 353 3118 Ceratitidos,
377 3056 465 3116 quam
487 3037 609 3098 herbam
633 3057 687 3098 nos
706 3038 812 3099 violam
830 3041 974 3099 marinam
994 3036 1092 3116 appel·
1113 3049 1144 3098 13

78 3125 183 3206 lamna,
205 3125 322 3186 radices
345 3128 437 3186 trium
461 3126 621 3204 digitorum
644 3127 846 3205 magnitudine
870 3129 1004 3186 inoootae
1023 3127 1092 3184 vino

80 3221 198 3275 austero
222 3215 404 3274 torminosos
427 3215 542 3294 iurant,
566 3216 591 3274 si
614 3213 688 3275 illud
711 3215 813 3275 vinum
837 3214 964 3274 admixta
987 3213 1092 3272 leviter

170 3350 363 3404 btracantho.
430 3354 462 3402 11
482 3349 578 3419 prout]
597 3364 656 3417 pro,
720 3353 752 3402 15
772 3347 845 3401 asari
863 3347 974 3416 scribsi:
993 3345 1090 3402 seriae.
1185 3337 1190 3340 ”

77 3420 350 3546 lessmbalaublicibvet
369 3425 403 3474 32
422 3417 597 3474 ceratitidos.
673 3433 724 3472 nos
743 3417 848 3474 violem
865 3418 977 3487 scripsi:
994 3417 1091 3474 novio-

878 3579 931 3630 18*
