2540 3802
547 129 785 193 —236—

110 317 144 365 23
253 299 382 360 Cornum
406 297 491 357 bovis
514 294 672 356 combures
696 313 731 354 ex
755 312 789 353 ea
812 302 909 372 parte,
934 309 990 371 qua
1014 293 1109 371 capiti
1134 294 1184 354 ad-

163 389 280 470 haeret,
308 397 338 450 et
366 389 397 447 in
425 385 578 464 pulverem
605 384 813 444 tenuissimum
840 382 943 460 redige
967 389 1056 460 atque
1082 401 1122 442 ex
1148 402 1183 442 eo

163 477 285 557 pulvere
309 475 453 538 coclearia
477 474 535 534 duo
559 491 628 533 eum
651 489 743 550 aquae
768 470 878 531 calidae
898 470 1011 549 cyathis
1030 470 1134 531 tribus
1154 479 1186 532 ct

164 566 284 646 paululo
308 567 385 626 aceti
407 565 507 623 ieiuno
531 561 687 640 splenitico
713 578 768 638 per
790 559 924 620 triduum
947 559 984 619 da
1006 558 1184 620 bibendum.

112 672 145 719 24
253 654 437 734 Cataplasma
456 651 491 712 ad
507 650 648 728 splenem,
668 648 747 727 quod
762 647 917 708 Ianuarius
932 647 1066 708 medicus
1081 657 1210 709 osten-a

164 747 221 826 dit,
247 747 302 805 sic:
326 740 464 822 Pyrethri
489 771 527 782 —
548 738 597 818 lll,
620 736 801 816 myrobalani
827 735 936 818 -ΙΙΙ,
960 739 1044 814 grani
1069 739 1186 816 sinapis

167 869 205 878 -
228 834 284 913 lll,
308 831 487 893 cardamomi
511 861 552 871 —-
572 826 625 908 111,
648 828 762 887 urticae
787 827 909 886 seminis
932 858 976 868 -
995 824 1044 906 lll,
1067 827 1186 904 piperis

169 958 206 968 -
228 921 275 983 lll.
317 919 396 981 Haec
425 919 523 978 omnia
551 923 631 976 teres
655 923 685 975 et
708 913 853 975 cribrabis
877 913 1036 993 diligenter
1058 923 1089 974 et
1112 933 1186 974 curn

167 1020 250 1074 aceto
275 1009 410 1070 scillitico
434 1003 639 1086 permiscebis,
662 1011 696 1063 ut
718 1021 811 1064 unum
835 1020 944 1082 corpus
968 1003 1067 1083 facias,
1090 1011 1186 1082 atque

167 1101 237 1162 inde
266 1097 443 1176 cataplasma
471 1098 502 1155 in
529 1111 628 1173 panno
656 1093 749 1153 denso
778 1109 867 1170 supra
891 1091 1023 1170 splenem
1046 1093 1187 1172 inpones,
1204 1106 1228 1144 10

170 1189 222 1250 sed
245 1189 330 1266 prius
354 1186 452 1245 locum
471 1186 579 1262 ipsum,
603 1183 652 1240 cui
672 1181 857 1240 medicamen
876 1182 1061 1258 inposituros
1080 1198 1123 1260 es,
1148 1199 1188 1240 ex

169 1279 248 1337 nitro
277 1292 353 1352 aqua
380 1273 506 1332 remisso
535 1268 659 1348 lavabis,
688 1272 730 1329 ita
760 1277 794 1329 nt
822 1286 925 1346 spuma
954 1268 1000 1328 vel
1031 1269 1187 1347 pinguedo

169 1365 242 1426 nitri
264 1361 324 1422 illic
348 1359 513 1421 adhaereat.

116 1465 149 1514 25
259 1449 442 1528 Cataplasma
470 1447 506 1507 ad
535 1445 667 1525 splenem
696 1447 732 1506 de
761 1448 964 1524 experimento
995 1447 1051 1506 sic:
1085 1445 1186 1508 Alium

168 1540 310 1622 purgabis
334 1546 365 1599 ct
387 1544 454 1598 ante
479 1537 557 1597 diem
580 1537 612 1595 in
631 1543 748 1595 acetum
767 1537 945 1594 acerrimum
964 1533 1104 1594 infundes
1124 1547 1224 1596 ma-15

168 1639 251 1711 turc;
280 1646 349 1690 cum
377 1628 531 1706 positurus
559 1626 632 1705 eris,
660 1631 740 1684 teres
769 1642 837 1684 cum
865 1626 930 1702 ipso
955 1631 1051 1704 aceto,
1077 1623 1125 1683 vel
1151 1625 1188 1685 dc

170 1727 253 1780 aceto
275 1717 433 1795 sublatum,
451 1717 492 1774 ita
512 1721 545 1774 ut
564 1715 694 1792 spissum
714 1714 761 1792 sit,
783 1714 860 1772 sicut
875 1712 1051 1791 cataplasma
1066 1721 1097 1772 et
1111 1716 1188 1792 tepi-

171 1809 241 1870 dum
266 1823 356 1885 supra
381 1803 513 1883 splenem
537 1801 668 1880 adpones
692 1808 722 1862 et
745 1801 834 1861 fascia
859 1799 1021 1878 conligabis
1040 1809 1070 1860 et
1090 1805 1189 1862 uteris

170 1914 266 1974 usque
286 1895 321 1955 ad
340 1894 429 1953 horas
448 1891 578 1972 prandii3
597 1890 654 1950 boc
674 1891 700 1950 si
719 1889 819 1949 triduo
838 1891 980 1950 continuo
995 1907 1068 1950 usus
1083 1890 1189 1971 fueris,

170 1988 280 2046 mirum
303 1982 468 2043 remedium
491 1982 664 2060 experieris,
687 1978 738 2038 sed
763 1979 904 2056 patientia
923 1996 998 2056 opus
1018 1986 1065 2038 est
1083 1979 1189 2040 adver·
1203 1991 1225 2030 20

171 2093 237 2135 sum
260 2075 320 2132 vim
343 2070 556 2147 medicaminis,
581 2067 660 2147 quod
684 2066 751 2145 plus
775 2066 917 2148 proderit,
942 2068 968 2126 si
989 2075 1093 2147 postea
1114 2067 1189 2128 bali-

173 2165 238 2224 neis
261 2162 356 2222 utaris
379 2160 462 2219 etin
486 2156 559 2216 solio
583 2155 677 2216 calido
701 2155 752 2215 diu
776 2154 910 2215 fovearis.

120 2265 154 2312 to
261 2248 378 2309 llerbac
402 2244 581 2325 cyclaminis,
605 2262 680 2322 quae
704 2242 881 2304 orbicularis
905 2242 1078 2325 appellatur,
1102 2245 1191 2305 radix

174 2355 318 2415 suspensa
342 2334 427 2414 collo,
449 2335 490 2392 ita
513 2339 548 2392 ut
571 2341 674 2392 contra
697 2331 805 2391 lienem
829 2331 977 2393 dolentem
1002 2333 1041 2392 sit
1059 2331 1190 2415 alligata,

120 2439 154 2487 2⁷
174 2426 336 2486 efficaciter
354 2422 499 2484 medetur.
530 2419 617 2480 Porri
634 2421 777 2498 primitivi
796 2422 900 2480 sectivi
919 2438 1010 2481 sucus
1024 2438 1189 2498 expressus
1206 2434 1232 2476 2⁵

173 2522 203 2575 et
237 2519 320 2573 aceto
348 2513 414 2590 pari
440 2527 581 2570 mensura
608 2511 752 2570 inmixtus
781 2508 999 2588 absorptusquc
1027 2527 1043 2568 a
1070 2508 1188 2572 lienoso

119 2616 152 2664 28
173 2603 290 2681 saepius
316 2599 448 2679 prodest.
495 2597 700 2676 Chamaepitys
724 2616 791 2657 cum
816 2597 959 2676 oxymelle
983 2605 1013 2657 et
1036 2597 1188 2658 absinthio

171 2688 294 2770 paribus
321 2688 471 2748 mensuris
500 2685 622 2746 decocta
650 2695 680 2745 et
709 2688 794 2763 potui
825 2686 892 2746 data
923 2686 1036 2746 utiliter
1063 2686 1188 2747 lienosis

118 2793 152 2842 29
173 2778 313 2840 occurrit.
350 2774 449 2835 Herba
472 2773 619 2854 salutaris,
642 2773 672 2833 id
696 2781 743 2833 est
766 2776 850 2852 spina
874 2774 946 2854 alba,
972 2792 1028 2854 qua
1048 2773 1188 2834 Christus

173 2872 332 2929 coronatus
355 2872 414 2943 est,
443 2881 518 2941 quae
541 2861 623 2922 velut
645 2880 731 2922 uvam
760 2862 862 2942 habet,
890 2863 999 2924 lienem
1022 2861 1131 2924 leniter
1154 2866 1187 2923 in
1203 2878 1231 2917 so

119 2956 275 3018 abeodem
299 2953 364 3013 loco
387 2952 546 3030 perfricata
569 2949 692 3010 sanabit.
729 2949 807 3029 Equi
829 2950 930 3030 lingua
953 2951 1081 3012 arefacta
1100 2959 1130 3012 et
1149 2953 1188 3012 ad

172 3045 322 3105 levitatem
344 3042 414 3102 trita
433 3047 522 3119 atque
541 3041 663 3099 euvino
682 3041 767 3117 potui
785 3039 852 3100 data
870 3042 1007 3119 protinus
1026 3040 1187 3100 utilitatem
1258 3097 1259 3100 ,

173 3152 257 3196 suam
280 3130 381 3192 sedato
405 3129 491 3189 lienis
515 3127 616 3188 dolore
639 3127 816 3188 manifestat.

119 3236 153 3284 31
263 3221 385 3282 Stercus
408 3218 555 3279 mulinum
578 3234 647 3276 cum
669 3216 813 3295 oxymelle
836 3216 958 3277 lienosis
982 3218 1066 3296 potui
1085 3217 1188 3278 datum

120 3324 153 3370 32
173 3311 291 3372 dolores
306 3309 467 3370 efficaciter
481 3306 565 3367 tollit.
589 3304 730 3365 Hircinus
745 3304 828 3382 splen
843 3305 965 3384 calidus,
980 3305 1009 3364 id
1025 3313 1072 3365 est
1086 3309 1188 3366 statim
1203 3317 1228 3358 ³⁵

265 3502 298 3549 14
317 3495 413 3549 allium
434 3495 594 3550 Carnarius.
