2564 3794
560 139 797 206 -146-

121 316 159 366 st
177 310 294 383 gantur.
336 303 443 364 Cancri
465 302 598 364 fluviales
621 302 770 364 combusti
792 303 857 363 triti
884 309 1006 363 etcum
1029 299 1116 362 melle
1140 301 1189 361 ad·

177 394 267 471 positi
290 400 420 452 strumas
443 393 615 454 discutiunt.
656 391 738 452 Idem
761 398 914 470 praestant
938 398 969 450 et
991 399 1084 450 testae
1109 389 1189 450 echi·

119 493 156 542 55
176 499 284 542 norum
308 499 343 541 ex
367 489 451 542 aceto
474 483 562 542 tritae
586 489 616 542 et
634 481 793 559 adpositae.
827 479 859 540 Si
877 479 1006 540 volueris
1025 478 1190 558 explorare,

175 577 278 631 utrum
302 577 415 631 suuma
439 571 478 630 sit
501 570 560 630 loci
577 569 666 650 illius,
689 571 741 648 qui
759 569 897 646 tumebit,
919 575 1077 646 antequam
1096 566 1189 626 medi·

175 660 273 719 cinam
291 658 440 738 adhibeas,
458 657 638 720 lumbricum
657 665 832 718 terrestrem
851 657 887 717 ad
906 661 1055 718 tumorem
1074 653 1217 733 adplices

174 754 206 808 ct
232 754 336 827 postea
365 765 455 827 super
483 747 585 808 folium
611 765 702 827 ponc,
730 747 757 806 si
785 753 898 806 struma
922 747 992 827 erit,
1024 742 1190 804 lumbricus

174 842 256 897 terra
279 837 344 898 liet:
368 839 477 896 sinon
500 838 558 897 erit
580 845 703 916 struma,
726 837 842 913 integer
865 841 954 913 atque
972 832 1103 893 inlaesus
1122 849 1190 910 per-

119 936 155 987 so
174 923 314 986 manebit.
355 924 478 1003 Saepiae
501 932 578 985 testa
601 925 800 984 minutissime
823 931 947 984 contusa
970 939 1039 982 cum
1063 922 1191 999 axungia

33 1049 39 1060 ·
119 1021 277 1074 cunctere
305 1013 428 1074 subacta
456 1021 486 1073 et
510 1015 637 1092 inposita
662 1015 785 1073 strumis
807 1011 953 1072 medetur.
998 1009 1190 1070 Nasturcium

176 1119 245 1161 cum
269 1099 399 1161 alumine
422 1103 584 1162 contritum
603 1101 721 1162 inlitum
739 1099 786 1160 vel
804 1101 967 1179 inpositum
986 1099 1109 1159 strumis
1127 1099 1190 1176 opi·
1205 1115 1231 1154 ιο

120 1201 155 1250 58
175 1187 328 1248 tulabitur.
371 1189 530 1268 Talparum
554 1192 649 1267 capita
672 1191 769 1250 recisa
793 1207 861 1249 cum
884 1197 965 1248 terra
988 1205 1042 1246 sua
1065 1193 1190 1247 contun-

176 1275 289 1336 duntur
313 1283 343 1336 et
365 1294 420 1354 pro
444 1275 604 1355 emplastro
624 1276 814 1356 adponuntur
833 1278 966 1356 strumis,
990 1274 1103 1335 utiliter
1121 1293 1191 1354 pro-

173 1370 260 1444 sunt,
283 1363 321 1424 ob
345 1363 425 1443 quod
448 1363 558 1442 pastilli
580 1364 649 1424 inde
673 1364 753 1425 lacti'
766 1365 797 1424 in
818 1365 925 1444 pyxide
944 1372 1066 1442 stagnea
1084 1365 1191 1442 reponi

116 1463 155 1514 ss
177 1450 297 1532 debent,
319 1461 354 1514 ut
371 1460 491 1531 praesto
513 1454 583 1533 sint,
606 1471 674 1513 cum
698 1471 773 1532 opus
796 1462 850 1513 est.
885 1451 954 1513 Calx
973 1454 1037 1512 riva
1056 1469 1125 1513 cum
1143 1470 1190 1512 re·

176 1542 241 1601 sina
259 1540 372 1620 liquida
390 1548 420 1602 ct
439 1541 525 1620 adipe
544 1541 628 1602 suilla
648 1540 770 1602 subacta
789 1548 820 1602 et
838 1540 937 1601 addito
956 1539 1043 1601 melle
1059 1542 1189 1618 inposita
1204 1555 1229 1597 15

118 1642 154 1692 60
174 1631 298 1690 strumis
327 1631 401 1690 mire
424 1630 569 1691 medetur.
610 1629 792 1708 Ungularum
816 1632 992 1709 equinarum
1017 1637 1190 1690 exustarum

119 1731 154 1780 61
175 1720 251 1780 cinis
276 1737 343 1779 cum
367 1718 432 1779 oleo
451 1721 599 1798 inpositus
617 1718 663 1778 vel
682 1718 786 1779 inlitus
805 1720 928 1779 strumis
947 1718 1092 1778 medetur.
1124 1716 1190 1778 Aen

173 1825 268 1888 ossea,
291 1806 322 1867 id
341 1815 387 1868 cst
406 1807 520 1886 spiculo
540 1809 682 1887 trygonis,
706 1825 781 1886 quae
800 1809 950 1887 pastinaca
969 1806 1087 1886 dicitur,
1111 1814 1189 1866 stru-

116 1908 152 1957 at
173 1914 250 1956 mam
279 1897 398 1974 saepius
422 1915 534 1978 punge,
561 1898 660 1957 statim
688 1897 806 1956 arescit.
849 1895 893 1956 lld
917 1904 1060 1956 strumam
1085 1893 1189 1957 sedan·

172 1984 240 2044 dam
264 1972 336 2045 buxi
358 1993 462 2045 tenera
487 1992 518 2044 et
545 1987 673 2045 cicutam
696 1991 777 2044 teres
800 1982 846 2044 vel
868 1982 1035 2044 contundes
1062 1991 1092 2042 et
1119 2001 1189 2043 cum
1204 2000 1230 2039 so

174 2075 301 2151 axungia
316 2073 437 2152 subiges
451 2074 526 2134 etin
540 2091 637 2152 panno
659 2075 744 2134 tenui
762 2073 917 2133 inductum
936 2070 1120 2132 medicamen
1138 2071 1189 2130 ad-

118 2175 154 2224 63
173 2179 276 2241 pones.
312 2160 448 2238 Virgulas
471 2170 589 2222 teneras
612 2160 693 2241 buxi,
716 2160 899 2239 manipulum
917 2167 1054 2220 tenerum
1074 2160 1189 2220 urticae

173 2251 347 2328 unipecciae
370 2251 401 2309 in
421 2247 508 2310 ollam
526 2248 631 2308 rudem
651 2248 835 2309 bisextialcm
855 2267 923 2309 cum
943 2266 1018 2326 aqua
1037 2249 1138 2308 mittes
1158 2255 1189 2308 et

173 2337 209 2397 ad
233 2337 346 2396 medias
369 2337 532 2421 decoques;
555 2345 658 2415 postca
681 2337 718 2397 de
741 2356 817 2416 aqua
840 2339 905 2416 ipsa
923 2337 1085 2397 dormitum
1103 2338 1189 2396 eunti

173 2432 323 2485 strumoso
347 2423 474 2485 calidum
503 2432 647 2504 quantum
674 2427 736 2504 pati
763 2428 858 2506 possit
885 2425 1066 2486 sorbendum
1094 2423 1187 2504 dabis,
1203 2443 1233 2484 as

172 2531 234 2573 non
257 2512 533 2592 transmittendum,
561 2513 612 2574 sed
642 2513 679 2574 ad
708 2531 776 2573 eum
804 2513 903 2574 locum
931 2515 984 2592 qui
1006 2512 1086 2573 dolet
1108 2514 1187 2573 intra

171 2619 206 2661 os
230 2601 405 2681 tenendum3
430 2610 541 2680 quanto
564 2609 663 2662 autem
687 2601 800 2662 diutius
823 2609 874 2663 aut
897 2601 1021 2662 calidius
1046 2603 1187 2681 tenuerit,

172 2696 254 2750 tanto
274 2691 363 2750 citius
382 2689 544 2753 sanabitur.
580 2689 699 2750 Sufficit
717 2698 825 2771 autem,
844 2697 878 2750 ut
891 2699 993 2751 ternas
1007 2689 1187 2752 sorbitiones

171 2777 297 2856 singulis
319 2777 459 2838 noctibus
481 2780 560 2839 intra
583 2796 617 2838 os
639 2785 747 2838 teneat.

113 2878 150 2928 64
258 2865 441 2927 Medicamen
469 2866 504 2927 ad
534 2867 634 2927 lauces
662 2865 809 2927 curandas
837 2869 894 2928 sic:
935 2865 1030 2927 Rutae
1059 2859 1184 2952 pvb,
1200 2885 1230 2926 so

168 2962 285 3016 mentae
316 2957 512 3037 semunciam,
545 2954 607 3015 lolii
640 2956 835 3035 semunciam,
867 2955 968 3016 anethi
998 2954 1183 3036 tantundem,

167 3045 227 3121 apii
250 3043 344 3124 idom,
372 3042 491 3104 coliculi
514 3045 636 3104 seminis
665 3043 757 3126 idem,
786 3043 959 3105 cucurbitae
987 3050 1017 3102 et
1039 3042 1185 3104 marrubii

168 3132 261 3214 idem;
283 3139 365 3193 teres
388 3132 547 3211 diligenter
569 3133 643 3194 baec
666 3135 765 3192 omnia
788 3151 822 3193 ac
845 3129 1040 3212 permiscebis
1065 3137 1184 3191 etcum

112 3232 149 3282 so
169 3238 245 3301 opus
268 3222 372 3303 luerit,
396 3222 496 3283 lauces
519 3221 589 3282 inde
611 3231 724 3300 tanges.
769 3219 843 3282 ltem
867 3221 1019 3300 pulverem
1043 3220 1078 3279 ad
1102 3219 1182 3280 idem

237 3357 418 3413 blumbaa‘co.
496 3356 643 3428 8axugia.
726 3361 759 3410 16
777 3355 859 3409 vobo
877 3354 1052 3424 Ungularum
1072 3387 1106 3394 -
1125 3372 1182 3410 me·

165 3427 249 3486 detur
267 3445 317 3485 cm.
391 3435 425 3484 18
443 3427 601 3499 pastinagc.
666 3433 701 3482 24
720 3424 809 3494 eund]
829 3425 971 3480 adversus.
1033 3430 1183 3482 astemoe

164 3513 266 3554 soxscs.
340 3506 373 3555 32
394 3499 507 3556 culiculi
525 3499 645 3555 semenis
664 3497 761 3556 isdem.
833 3494 977 3552 marturii.
