2528 3814
552 109 788 175 -312-

163 279 224 338 cias
253 274 384 354 singulas
412 275 444 333 in
470 272 623 352 pulverem
651 273 769 352 rediges
797 280 828 332 et
855 291 924 334 eum
951 271 1038 333 melle
1065 275 1178 352 optimo

163 366 338 442 despumato
363 369 507 442 quantum
530 362 657 423 sufficiat
680 361 877 440 permiscebis
905 369 935 422 et
958 363 1058 422 ieiuno
1082 361 1178 422 colico

164 452 243 534 quod
267 454 339 513 satis
362 453 402 513 sit
425 449 517 511 dabie.

107 552 143 602 38
252 541 425 620 Conpositio
458 538 567 600 culices
599 557 635 599 ex
664 537 740 599 libro
768 538 947 619 Philonidis,
979 556 1055 618 quae
1087 541 1178 599 etiam

163 631 283 692 Tiberio
300 631 419 691 Caesari
437 627 669 708 conponebatur,
688 645 792 706 graves
811 638 842 688 et
860 631 1040 689 inveteratos
1059 627 1210 689 doloress

163 721 312 800 mitigans,
330 719 403 778 mihi
421 735 540 797 qnoque
560 717 772 795 experimentis
786 719 949 798 notissima,
968 717 1077 794 accipit
1090 716 1179 778 haec:

162 811 231 888 Apii
249 809 372 868 seminis
393 807 552 888 heminam,
575 804 675 866 anethi
693 807 825 867 tenuiter
844 805 966 866 arefacti
985 807 1179 886 semunciam,

164 899 293 958 castorei
316 897 512 976 semunciam,
538 913 655 974 myrrae
679 896 875 974 semunciam,
900 894 986 955 nardi
1009 896 1109 973 spicae
1133 913 1179 955 sc·

123 1013 128 1020 ·
163 989 321 1065 munciam,
345 987 406 1064 opii
429 985 621 1064 semunciam,
644 985 726 1044 croci
749 985 940 1064 semunciam,
963 985 1077 1063 piperis
1098 983 1180 1062 longi

164 1076 356 1152 semunciam,
375 1075 487 1152 piperis
503 1074 583 1150 nigri
595 1073 786 1152 semunciam,
805 1071 972 1152 petrosilini
986 1074 1177 1133 semunciam.
1195 1094 1224 1133 ιο

163 1164 272 1242 Apium
295 1161 392 1240 pridie
415 1159 579 1220 macerabis
604 1168 633 1220 et
656 1167 745 1240 tereS,
769 1169 869 1221 cetera
889 1161 998 1221 tundes
1018 1169 1048 1222 et
1067 1161 1178 1222 cribra·

164 1251 216 1311 bis'
234 1259 265 1310 et
287 1252 374 1310 mista
398 1267 465 1308 enm
489 1250 554 1327 apio
578 1250 610 1307 in
633 1250 775 1308 mortario
794 1249 1020 1328 diligentissime
1040 1257 1178 1311 conteres

164 1347 195 1400 et
221 1335 309 1399 melle
338 1337 511 1416 despumato
539 1337 650 1414 optimo
678 1338 903 1416 conprehendes
931 1345 1020 1416 atque
1048 1341 1079 1399 in
1109 1357 1177 1399 vaso

164 1431 259 1490 vitreo
287 1426 411 1506 condes,
439 1443 508 1486 cum
536 1443 611 1504 opus
639 1425 743 1507 luerit,
771 1425 854 1486 dabis
882 1427 1021 1488 denarios
1044 1427 1178 1506 singulos

165 1535 201 1578 ex
224 1533 317 1596 aquae
342 1515 453 1576 calidae
477 1513 590 1594 cyathis
612 1513 719 1576 tribus.
1193 1535 1222 1575 15

110 1617 145 1665 39
253 1605 297 1666 Ad
321 1603 379 1665 coli
397 1603 530 1664 dolorem
549 1610 666 1664 stercus
684 1603 828 1664 bubulum
848 1621 953 1664 recens
973 1606 1105 1684 exprime
1124 1624 1179 1684 per

164 1694 289 1756 linteum
312 1693 457 1754 mundum
480 1701 511 1752 et
534 1710 639 1753 sucum
658 1694 723 1753 eius
741 1695 773 1754 in
792 1691 923 1770 qualibet
941 1695 1062 1771 potione
1083 1694 1178 1754 colico

165 1783 201 1844 da
224 1781 399 1862 bibendum,
423 1783 523 1841 statim
546 1780 718 1862 subvenies3
744 1781 823 1860 quod
846 1781 1012 1842 remedium
1036 1782 1179 1844 efficacis·

111 1881 146 1931 40
166 1875 275 1933 simum
307 1889 373 1931 esse
403 1869 496 1930 multa
524 1872 726 1948 experimenta
758 1870 933 1931 docuerunt.
979 1869 1111 1948 Papauer
1142 1891 1179 1932 ex

164 1979 241 2040 aqua
263 1959 358 2020 mulsa
382 1958 538 2019 decoctum
562 1957 646 2018 dabis
669 1957 762 2019 colico
786 1960 886 2018 ieiuno
909 1957 1086 2041 bibendum,
1109 1979 1179 2021 cen·
1195 1979 1223 2018 20

164 2049 263 2110 testim
287 2047 453 2109 subvenies.

109 2147 144 2196 41
253 2137 334 2198 lnter
362 2143 484 2214 experta
510 2134 701 2195 subnotatum
724 2143 771 2196 est
793 2134 850 2196 hoc
873 2134 975 2196 culicis
998 2137 1109 2197 mirum
1132 2155 1179 2196 re·

164 2227 295 2287 medium
319 2227 375 2286 sic:
398 2223 462 2285 Fici
485 2225 581 2284 siccae
601 2225 719 2284 unciam
738 2224 760 2304 l,
783 2226 836 2284 iris
857 2223 989 2304 Illyricae
1012 2257 1051 2268 -
1072 2225 1093 2307 l,
1118 2233 1178 2286 vet-

163 2317 281 2375 tonicae
307 2312 380 2372 -l
406 2315 438 2373 in
465 2311 553 2372 ollam
580 2329 685 2372 novam
713 2314 814 2374 mittes
841 2331 909 2374 cum
933 2313 1060 2374 bisontio
1084 2333 1178 2393 aquae

165 2411 196 2464 et
223 2421 290 2463 cnm
320 2420 411 2480 snpra
439 2403 558 2480 scriptis
586 2400 621 2460 ad
645 2400 782 2461 dimidias
805 2419 916 2480 coques
940 2409 970 2462 et
992 2401 1062 2462 inde
1085 2403 1178 2464 hemi·
1194 2421 1222 2462 2⁵

110 2501 144 2548 42
165 2509 233 2552 nam
266 2490 349 2551 dabis
381 2491 482 2550 ieiuno
515 2489 609 2550 colico
639 2489 805 2567 potandam.
851 2489 962 2572 Herba,
991 2509 1066 2569 quac
1094 2491 1177 2552 mile-

164 2579 268 2640 lolium
287 2578 460 2660 appellatur,
478 2580 549 2639 trita
567 2597 603 2638 ex
621 2579 689 2638 vino
709 2586 828 2639 austero
847 2581 932 2658 nigro
946 2579 1061 2641 utiliter
1075 2581 1178 2641 colicis

164 2667 293 2729 bibenda
316 2667 412 2728 datur.

110 2765 144 2814 43
253 2755 382 2816 Herbam
406 2764 543 2834 nepetam
567 2755 669 2816 dextra
693 2774 783 2816 manu
811 2755 945 2836 colliges,
973 2758 1004 2817 in
1033 2765 1178 2837 quantum

164 2845 303 2907 sulficere
332 2862 420 2922 posse
448 2843 625 2924 credideris,
654 2861 778 2923 eamque
806 2845 841 2905 ad
867 2844 1016 2906 levitatem
1039 2854 1177 2908 conteres
1192 2865 1219 2904 so

164 2941 195 2995 et
223 2952 291 2994 cnm
319 2935 387 2993 vino
415 2931 495 2992 dulci
523 2951 557 2992 ac
585 2939 685 2993 vetere
709 2932 755 2992 vel
777 2932 935 3013 Libyoensi
958 2935 1052 2996 colico
1076 2937 1177 2997 ieiuno

163 3040 218 3102 per
236 3023 370 3084 triduum
389 3020 486 3102 dabis3
510 3020 562 3082 sed
581 3023 642 3081 vini
660 3021 766 3082 modus
785 3025 823 3083 sit
842 3025 1020 3106 quartarius,
1039 3024 1177 3085 facillime

109 3119 145 3168 44
164 3111 307 3192 proderit.
339 3109 484 3190 Fuliginis
508 3110 584 3171 bene
602 3112 690 3170 tritae
709 3117 739 3170 et
758 3110 898 3172 criblatae
917 3119 1019 3172 ternos
1038 3113 1177 3174 denarios

163 3219 218 3280 per
240 3201 374 3262 triduum
398 3219 434 3260 ex
457 3218 533 3279 aqua
556 3199 650 3260 calida
672 3201 772 3260 ieiuno
796 3199 890 3260 colico
913 3202 998 3279 potui
1021 3201 1113 3264 dabis.

252 3342 270 3390 4
289 3337 417 3393 colloces.
506 3341 521 3390 7
541 3335 670 3389 eminam.
759 3335 967 3389 Scastoreuno.
1060 3341 1092 3390 13
1112 3352 1177 3391 eon-

162 3406 315 3474 prehindis.
390 3411 424 3460 14
443 3404 566 3460 dinarius
585 3404 720 3474 singulus.
793 3411 827 3458 23
846 3406 939 3461 uncie.
1003 3407 1177 3465 vectonicoe.

163 3481 197 3528 31
217 3476 354 3532 libicensi.
428 3483 462 3531 33
481 3479 576 3532 ternus
596 3475 734 3531 denarius.
