2528 3814
502 127 739 190 -339-

121 288 279 366 clamento,
308 305 366 366 quo
395 289 441 348 uti
468 287 559 368 soles,
588 287 687 348 locum
714 290 869 366 inguinum
897 289 1080 350 laborantem
1104 289 1129 347 si

120 375 322 456 perfricueris,
346 376 503 437 confestim
526 379 729 455 intertrigines
751 375 844 437 tolles
881 378 1045 457 Axungiam
1063 395 1128 458 per·
1149 388 1183 437 36

122 472 250 524 veterem
282 463 472 543 liquefactam
500 474 529 526 et
558 483 709 526 cerussam
737 465 813 525 bene
846 467 946 526 tritam
973 468 1130 546 permisce,

121 551 215 612 donec
239 555 324 631 accpi
347 553 575 614 crassitudinem
598 553 712 635 habeat,
731 561 819 632 atque
840 553 909 614 inde
928 555 1130 633 intertrigines

94 641 259 720 operirica,
283 641 444 702 efficaciam
468 642 592 704 remedii
616 642 858 720 celeritatemque
879 641 1039 722 mirabere3
1062 661 1130 702 nam

121 729 177 790 boc
205 729 389 814 medicamen
418 733 505 791 etiam
528 730 672 808 rhagadas
696 731 857 792 efficaciter
881 739 971 792 sanat.
1013 730 1130 790 Cretam
1150 743 1183 790 3'1

121 819 318 896 argentariam
347 837 415 880 cum
440 821 509 879 vino
533 827 631 879 vetere
655 821 757 880 tritam
779 821 914 898 impones
937 821 1017 880 tritis
1040 821 1131 879 inter-

121 906 295 988 triginibus,
323 910 434 987 optime
460 909 623 986 accipieris
666 907 738 968 Oleo
761 916 862 968 vetere
886 915 917 968 et
939 927 1015 986 aqua
1038 907 1130 968 calida
1151 918 1184 967 38

120 997 265 1074 permixta
289 995 411 1057 adsidue
434 998 555 1074 inguina
579 996 657 1071 love,
686 999 827 1057 continuo
856 995 1013 1057 subvenies
1041 999 1131 1056 inter·

82 1101 107 1140 1o
122 1083 282 1162 triginibus
302 1086 420 1145 attritis
463 1084 494 1144 Si
518 1083 698 1146 exulceratio
721 1087 943 1164 intertriginum
968 1087 1037 1164 erit,
1063 1102 1131 1162 spu-
1151 1095 1184 1144 39

122 1191 198 1235 mam
226 1174 342 1250 argenti
366 1191 402 1233 ex
425 1175 493 1232 vino
517 1182 654 1234 conteres
678 1176 764 1253 eique
788 1173 940 1252 pulverem
964 1175 1045 1251 pinei
1068 1191 1132 1233 cor-

120 1263 188 1322 ticis
212 1263 294 1321 tunsi
316 1260 456 1322 miscebis
480 1270 509 1322 et
532 1261 630 1322 locum
653 1262 769 1323 inlines

209 1350 253 1411 Ad
285 1353 407 1428 inguina
439 1358 469 1412 et
500 1357 682 1428 apostemata
709 1351 874 1412 remedium
902 1352 959 1411 sic:
996 1349 1131 1430 Equinus
1151 1360 1185 1408 40

121 1441 240 1515 sanguis
269 1441 393 1499 maxime
422 1439 588 1499 admissarii
611 1441 682 1518 equi
705 1439 878 1519 frequenter
901 1438 1004 1499 inlitus
1028 1439 1130 1499 buius·

1 1539 2 1542 ’
81 1541 107 1582 15
121 1525 202 1603 modi
220 1525 370 1587 molestias
390 1536 486 1607 sanat3
505 1527 632 1606 ungulae
652 1546 770 1606 quoquc
790 1530 854 1588 eius
869 1527 1040 1588 combustae
1057 1530 1132 1587 cinis

121 1632 189 1674 eum
213 1613 278 1673 oleo
297 1614 449 1694 adpositus
468 1615 547 1674 idem
566 1624 705 1694 praestat.
743 1614 865 1676 Cocleae
885 1617 967 1676 vivae
987 1617 1131 1676 contritae
1151 1626 1185 1674 41

121 1721 189 1763 cum
216 1721 315 1782 myrra
343 1710 373 1764 et
400 1705 555 1781 impositae
583 1705 756 1782 inguinibus
785 1705 898 1764 ellicaci
926 1703 1034 1764 auxilio
1063 1703 1132 1765 sub·

120 1793 256 1869 veniunt,
281 1791 333 1850 sed
356 1790 568 1870 relinquendae
588 1801 657 1852 sunt
676 1793 750 1873 loco,
773 1795 822 1853 cui
841 1793 991 1872 adpositae
1010 1793 1132 1872 fuerint,

120 1887 180 1940 tam
204 1879 268 1960 diu,
291 1879 385 1940 donec
409 1888 513 1958 sponte
538 1880 688 1960 decidant,
713 1880 791 1960 quod
815 1881 879 1961 liet,
903 1900 972 1941 cum
994 1899 1132 1959 persana·

81 1970 225 2028 severint.
262 1969 371 2028 Arietis
396 1986 484 2047 quam
507 1970 695 2048 pinguissimi
718 1969 783 2030 lana
806 1969 893 2047 plena
912 1972 974 2030 suis
994 1968 1132 2030 sordibus
1151 1979 1185 2028 42

120 2057 274 2117 combusta
308 2065 338 2117 et
366 2059 397 2116 in
425 2057 576 2135 pulverem
604 2057 723 2118 redacta
750 2058 874 2136 prodest
901 2057 1077 2137 plurimum,
1108 2060 1133 2118 si

120 2164 155 2206 eo
179 2148 279 2205 cinere
304 2163 339 2204 ex
362 2163 437 2223 aqua
461 2144 558 2205 locum
583 2147 737 2224 inguinum
760 2147 977 2225 perfricaveris

208 2233 353 2294 Bestiolae
380 2232 566 2313 multipedes,
591 2252 665 2312 quae
685 2237 716 2294 in
734 2235 807 2294 locis
826 2235 935 2295 umidis
955 2242 985 2294 et
1004 2233 1132 2294 sordidis
1151 2243 1185 2292 43

1 2393 2 2404 χ
120 2329 284 2382 nascuntur
312 2339 447 2400 quaeque
471 2329 624 2382 contactae
647 2323 768 2402 pilulam
792 2323 828 2383 de
852 2341 884 2383 se
907 2323 1032 2402 faciunt,
1063 2341 1131 2383 con·

1 2409 2 2414 ’
79 2412 206 2470 attritae
235 2411 348 2470 adiecta
375 2412 463 2470 tertia
489 2420 572 2488 parte
596 2413 712 2471 resinae
737 2410 953 2472 terebinthinae
977 2411 1130 2490 emplastri

118 2498 206 2558 modo
234 2498 384 2576 adpositae
409 2498 598 2559 collectiones
622 2501 807 2578 incipientes
834 2517 907 2578 quas
931 2499 1036 2560 Graeci
1060 2518 1128 2578 apo·

119 2593 242 2646 sternata
270 2594 388 2666 vocant,
416 2587 489 2646 adeo
518 2597 634 2668 sanant,
662 2595 696 2648 ut
724 2589 911 2648 tenacissime
935 2587 1129 2668 emplastrum

118 2675 250 2754 baereat,
281 2674 376 2734 donec
403 2683 571 2753 personent.
618 2675 702 2736 Lotio
732 2675 818 2736 suillo
846 2675 944 2737 locunt
972 2679 1127 2756 inguinum
1149 2686 1184 2734 44

119 2762 267 2822 dolentem
298 2763 420 2822 adsidue
448 2781 603 2842 perungue
632 2773 683 2824 aut
710 2783 778 2825 cum
809 2783 844 2825 eo
872 2765 968 2825 lanam
997 2765 1129 2826 sucidam

77 2867 104 2907 eo
119 2851 247 2930 adpone,
276 2853 375 2911 statim
403 2851 569 2913 medebere.
611 2852 771 2914 Muliebres
800 2853 898 2933 capilli
926 2853 1074 2914 combusti
1100 2863 1130 2913 et
1148 2861 1182 2913 45

119 2941 239 3000 contriti
267 2948 355 3018 atque
383 2939 462 3000 inliti
489 2958 556 3000 cum
584 2943 652 3001 vino
681 2949 731 3003 aut
760 2961 827 3002 ctrm
851 2950 934 3002 aceto
958 2941 1130 3020 inguinibus

118 3028 284 3088 medentur.
322 3026 483 3088 Menstruis
507 3028 702 3090 muliebribus
725 3033 846 3109 inguina
870 3031 999 3090 dolentia
1018 3031 1063 3089 vel
1083 3037 1129 3089 tu·
1148 3040 1183 3089 46

117 3119 227 3176 mentia
256 3118 282 3176 si
310 3118 536 3196 contingantur,
565 3120 664 3178 statim
695 3121 793 3178 sanari
820 3118 992 3178 creduntur.
1039 3116 1128 3176 Talus
1147 3129 1181 3177 47

118 3203 247 3266 bubulus
271 3203 443 3265 combustus
467 3207 615 3284 tritusque
640 3206 755 3266 adiecto
774 3205 860 3266 melle
879 3205 982 3265 inlitus
1001 3207 1127 3283 inguini-

77 3307 104 3348 as
118 3292 175 3353 bus
199 3292 367 3354 dolentibus
392 3293 437 3352 vel
457 3293 640 3354 tumentibus
659 3295 788 3373 prodest.
825 3293 950 3372 inguina
968 3293 1079 3354 tumida
1099 3302 1129 3354 et
1147 3305 1181 3354 48

118 3381 247 3442 dolentia
271 3380 401 3462 sanabis,
426 3384 451 3442 si
474 3385 538 3460 ipso
562 3392 679 3444 veretro
703 3381 860 3462 denudato,
883 3381 913 3442 id
938 3389 983 3442 est
1006 3382 1128 3443 reducta

117 3469 264 3552 pellicula,
288 3471 410 3531 adsidue
435 3489 468 3532 ea
492 3473 653 3550 contigeris
678 3471 724 3532 vel
747 3471 962 3550 perfricaveris.

914 3571 969 3625 22*
