2518 3806
488 120 723 184 -365-

187 281 321 341 Pannum
344 280 533 361 muliebrem,
556 281 586 341 id
610 290 657 342 est
679 281 900 360 menstrualem,
923 280 988 340 oleo
1011 280 1108 341 made·
1128 297 1162 345 30

96 369 208 429 factum
232 388 378 449 excoque3
407 369 513 429 deinde
542 371 674 447 exprime
701 379 731 430 et
754 386 852 429 ceram
876 369 919 428 illi
941 369 1004 429 oleo
1029 369 1108 430 suffi-

1 456 5 482 ⁸
96 459 225 518 cientem
245 457 344 538 addes,
363 464 398 518 ut
416 465 551 518 cerotum
570 457 668 539 iacias,
688 476 746 537 quo
764 457 951 518 arthriticum
966 457 1011 517 vel
1025 476 1108 536 para-

1 576 6 583 ·
95 544 219 624 lyticum
241 545 356 606 utiliter
378 564 537 624 perunges

1 653 4 675 ²
65 656 81 697 s
187 633 337 694 Confectio
357 637 442 714 acopi
460 634 496 694 ad
515 633 691 694 reficiendos
709 633 985 712 confirmandosque
1002 651 1107 694 nervos
1126 650 1160 698 31

1 725 5 730 ’
96 723 154 782 sic:
191 721 335 802 Thapsiae
366 755 404 764 -
434 722 460 802 1,
484 723 605 782 adarces
633 754 677 764 -—
704 721 717 780 l
746 721 780 801 S,
803 722 945 800 cachryos
971 727 1013 764 “-
1040 721 1053 779 l
1077 721 1107 800 S,

1 812 3 826 '
95 809 226 870 euforbii
253 842 294 853 —
323 811 336 870 Ι
365 810 398 890 S,
431 829 504 870 uvae
533 810 682 870 silvaticae
711 812 775 871 suci
806 843 844 852 -
873 809 941 889 llll,
974 809 1108 888 pyrethri

98 897 221 980 -1111‚
245 901 360 959 resinae
383 898 602 959 terebinthinae
625 930 669 942 -
688 896 733 979 Vl,
757 916 843 958 cerae
867 899 949 958 rulae
977 930 1013 940 -
1036 896 1107 978 Vlll,

95 985 155 1046 olei
168 989 284 1066 cyprini
298 986 411 1067 -1111,
425 989 537 1066 piperis
554 988 655 1047 uncias
671 994 818 1066 quattuor,
833 987 944 1066 sinapis
959 987 1062 1046 uncias
1073 985 1106 1046 11.

51 1099 80 1138 ao
94 1072 175 1134 Haec
198 1077 296 1135 omnia
319 1077 477 1155 separatim
502 1085 588 1136 tunsa
611 1082 641 1135 et
659 1074 788 1136 cribrata
805 1078 837 1135 in
855 1092 948 1134 unum
967 1073 1107 1134 miscebis

95 1170 126 1222 et
139 1161 220 1224 lento
234 1166 302 1242 igne
317 1164 483 1236 diutissime
501 1164 651 1242 decoques
671 1171 701 1223 et
717 1181 834 1241 semper
848 1162 980 1243 agitabiS,
999 1162 1106 1223 deinde

93 1251 269 1329 refrigerata
291 1254 322 1312 in
345 1252 483 1332 pyxidem
506 1251 632 1331 ligneam
656 1260 707 1312 aut
727 1270 865 1312 corneam
889 1251 1041 1312 recondes.
1106 1252 1110 1258 '

184 1339 364 1420 Compositio
388 1340 552 1421 emplastri,
581 1341 660 1420 quod
688 1341 853 1420 appellatur
876 1339 1008 1418 smilion,
1036 1340 1107 1400 facit
1125 1356 1159 1406 32

94 1427 130 1486 ad
155 1446 257 1488 omnes
280 1447 440 1489 nervorum
464 1432 682 1490 contractiones
706 1429 878 1488 relaxandas
906 1437 936 1488 et
960 1429 996 1488 ad
1020 1447 1106 1506 quas-

53 1536 81 1578 ιε
95 1512 168 1574 libet
191 1519 382 1576 contusiones
401 1517 558 1594 placandas
577 1516 753 1595 doloresque
775 1517 930 1595 sedandos,
949 1517 1106 1576 coniicitur

94 1604 151 1664 sic:
170 1602 296 1664 Resinae
315 1604 419 1664 frictae
433 1637 477 1646 -
491 1603 537 1685 Vl,
556 1603 658 1682 butyri
676 1604 796 1664 exsalati
816 1606 920 1665 uncias
940 1621 999 1682 sex,
1019 1622 1105 1664 cerae

93 1693 196 1752 uncias
220 1709 281 1772 sex,
304 1693 376 1752 nitri
399 1694 430 1752 in
453 1692 606 1770 pulverem
626 1691 850 1753 subtilissimum
870 1692 984 1752 redacti
1002 1694 1105 1752 uncias

16 1829 18 1834 .
94 1797 159 1859 sex3
187 1797 262 1858 quae
291 1798 380 1859 supra
403 1789 502 1841 notata
531 1789 615 1862 sunt,
639 1779 719 1840 lento
743 1782 805 1859 igni
827 1783 857 1840 in
877 1779 1003 1841 caccabo
1022 1780 1106 1841 fictili

94 1867 262 1946 solvuntur,
292 1887 366 1947 quae
395 1887 463 1930 cum
487 1869 599 1930 luerint
622 1869 730 1949 soluta,
757 1871 945 1948 superposito
969 1866 1103 1928 carboni-

53 1979 81 2018 ao
94 1955 151 2016 bus
174 1955 300 2017 caccabo
323 1955 463 2036 paulatim
487 1959 609 2037 nitrum,
631 1957 709 2036 quod
729 1959 760 2018 in
778 1957 931 2036 pulverem
950 1956 1104 2018 redactum

94 2044 192 2125 luerit,
216 2047 443 2123 supermittetur
466 2055 496 2107 et
514 2046 682 2125 agitabitur.
720 2044 944 2106 Observandum
964 2063 1043 2126 sane,
1066 2063 1127 2122 ne

93 2133 239 2194 fervorem
263 2134 404 2210 grandem
428 2134 518 2196 ducat
540 2143 591 2194 aut
614 2133 718 2195 bulliat
741 2153 774 2194 ac
793 2142 889 2194 totum
909 2133 1103 2213 superfunda-

93 2228 142 2280 tur
166 2230 196 2281 et
218 2231 334 2302 pereat;
358 2223 437 2301 quod
460 2224 487 2284 si
510 2222 634 2283 validius
657 2223 714 2283 hoc
738 2223 986 2283 medicamentum
1005 2221 1103 2282 facere

2 2321 4 2386 y
94 2309 230 2389 volueris,
251 2327 342 2388 supra
356 2311 445 2372 dictis
464 2311 620 2390 speciebus
639 2310 817 2372 admiscebis
838 2313 954 2371 resinae
973 2309 1103 2372 terebin-

52 2396 190 2462 ruthinae
210 2400 313 2458 uncias
333 2405 482 2481 quattuor,
500 2399 616 2478 galbani
633 2401 736 2460 uncias
750 2411 821 2460 tres.
851 2399 1030 2460 Solvendum
1045 2399 1103 2478 gal·

92 2484 201 2546 banum
219 2486 357 2547 manibus
375 2487 486 2568 calidis,
505 2489 584 2548 sicut
603 2487 678 2547 solet
694 2505 762 2548 cera
775 2487 892 2568 molliri,
911 2496 941 2548 et
961 2490 993 2548 in
1013 2506 1103 2566 supra

92 2573 179 2634 dictis
212 2575 368 2654 speciebus
400 2576 593 2656 mittendum,
625 2594 693 2636 cum
726 2577 837 2636 luerint
869 2576 982 2636 solutae
1014 2585 1102 2655 atque

92 2664 266 2743 permixtae3
290 2673 353 2723 tum
377 2663 495 2725 demum
517 2667 614 2724 omnia
632 2665 683 2724 diu
703 2663 835 2744 agitabis²
854 2673 888 2725 ut
906 2664 1101 2725 medicamen-

91 2757 154 2810 tum
174 2753 252 2811 sicut
272 2759 407 2812 cerotum
426 2752 652 2812 subtilissimum
667 2753 726 2833 nat,
746 2771 804 2832 quo
823 2761 925 2832 postea
944 2753 1024 2814 velut
1043 2771 1101 2813 em·

53 2837 203 2916 coplastro
231 2839 267 2899 ad
291 2857 381 2918 supra
405 2841 498 2900 dictas
522 2859 625 2901 causas
648 2848 786 2919 potenter
809 2843 911 2902 uteris.

179 2926 360 3006 Compositio
379 2928 426 2988 dia
444 2928 591 3007 pisselaeu
610 2929 646 2989 ad
663 2948 770 2990 nervos
784 2933 915 3009 rigentes
930 2937 960 2990 et
974 2929 1101 2989 offensos
1121 2943 1154 2992 33

6 3048 9 3103 y
91 3015 248 3094 placandos
268 3023 298 3076 et
317 3016 353 3076 ad
371 3019 485 3078 viscera
504 3017 660 3078 mollienda
675 3019 832 3079 conficitur
847 3021 902 3080 sic:
921 3017 1000 3077 Picis
1015 3016 1101 3094 liqui-

7 3114 10 3191 ἱ
92 3104 143 3163 dae
157 3103 256 3182 pondo
271 3103 305 3183 11,
320 3123 406 3165 cerae
420 3105 518 3183 pondo
528 3104 549 3187 1,
563 3106 694 3184 pulveris
709 3107 787 3166 faeni
801 3108 899 3184 graeci
913 3107 1015 3166 uncias
1030 3112 1100 3184 tres,

8 3228 10 3269 y
91 3191 221 3269 pulveris
236 3195 346 3272 cymini
360 3195 463 3254 uncias
477 3201 548 3273 tres,
568 3194 657 3255 bacae
676 3195 752 3254 lauri
766 3194 896 3272 pulveris
911 3195 1015 3253 uncias
1029 3200 1100 3272 tres,

9 3276 11 3345 l
54 3302 78 3342 aa
93 3279 159 3340 salis
178 3282 250 3340 sicci
270 3283 334 3341 triti
352 3283 455 3342 uncias
474 3291 548 3363 tres3
567 3285 617 3360 pix
635 3283 747 3362 liquida
765 3283 934 3342 remittetur
949 3289 979 3341 et
993 3280 1100 3341 colabi-

92 3376 149 3447 tur,
167 3368 264 3429 addita
284 3369 390 3430 deinde
410 3388 478 3430 cera
497 3369 576 3431 lento
595 3373 663 3450 igne
681 3369 824 3451 solvetur3
844 3371 886 3431 sic
901 3371 1008 3449 omnia,
1024 3388 1099 3448 quac

10 3472 12 3523 :
92 3455 219 3534 pulveris
235 3465 313 3540 sunt,
329 3461 420 3519 mixta
435 3461 590 3521 mittentur
604 3467 634 3522 et
647 3459 874 3539 coagitabuntur
885 3467 914 3520 et
924 3467 1099 3538 coquentur.
