2528 3814
532 109 686 176 -330
735 147 771 156 -

144 275 224 354 llll,
248 291 350 334 soreos
374 275 434 334 usti
457 273 537 352 llll,
560 274 770 352 auripigmenti
794 273 873 333 llll.
910 270 989 334 llaec
1013 281 1162 335 teruntur

142 362 302 441 diligenter
329 369 418 441 atque
445 364 476 422 iu
504 363 713 423 tenuissimum
741 361 894 440 pulverem
921 363 1102 440 rediguntur
1130 372 1164 424 et

144 454 188 512 sic
207 471 250 527 ea,
270 459 302 512 ut
321 451 391 529 dixi,
410 449 686 511 haemorrhoidibus
705 452 909 530 inprimuntur
923 450 1069 533 undique3
1089 461 1165 530 post

143 541 200 602 hoc
219 548 309 602 tenue
328 539 453 620 simplex
472 557 573 602 rasum
591 539 746 601 linteolum
764 541 868 618 inponi
886 547 1003 619 oportet
1020 548 1051 600 et
1065 559 1163 620 super

143 629 200 692 hoo
223 648 330 709 panem
353 637 531 708 autopyrum
554 647 590 690 ex
613 646 689 707 aqua
712 636 893 690 maceratum
915 635 946 689 et
964 630 1070 690 tritum
1088 645 1188 692 rosas

143 719 203 780 illio
231 737 286 798 pro
317 717 380 779 oleo
409 717 530 778 adiecta.
572 716 635 778 lloc
659 717 874 778 medicamento
897 719 961 778 sine
986 736 1094 796 magno
1119 719 1161 780 la·

142 807 216 869 borc
235 810 314 869 cirea
334 809 493 886 septimum
512 806 591 867 diem
609 807 715 867 cadere
734 815 884 885 coguntur
903 805 1161 871 haemorrhoides.
1247 855 1248 870 r

143 896 268 976 Oportet
291 905 390 957 autem
413 895 460 956 bis
483 895 530 956 dic
554 913 660 974 panem
683 897 799 976 inponi,
824 913 1047 974 nonnumquam
1072 905 1102 957 et
1127 899 1160 958 iu

143 996 274 1067 noctem,
298 988 324 1046 si
347 988 427 1046 circa
450 1003 500 1046 eas
522 987 690 1046 tensionem
713 985 853 1064 senseris,
876 992 982 1062 quarto
1005 983 1053 1045 die
1077 988 1159 1047 auri-

143 1075 253 1153 scalpio
286 1092 402 1154 averso,
435 1092 523 1152 quam
555 1081 670 1152 partem
703 1072 875 1153 cyathiscon
902 1071 1008 1133 Graeci
1039 1083 1158 1157 vocant,
1171 1091 1196 1130 lu

142 1165 253 1224 sensim
282 1170 427 1241 temptare
455 1179 489 1221 ac
515 1180 635 1222 morere
668 1180 731 1241 eas,
764 1179 823 1240 quo
852 1160 980 1222 celerius
1008 1163 1157 1225 excidant.
1248 1168 1249 1188 ¹

141 1249 205 1310 lloc
223 1249 473 1310 medicamentum
492 1267 610 1310 omnem
628 1267 749 1310 carnem
768 1268 805 1310 ex
824 1252 904 1310 omui
920 1259 1005 1328 parte
1019 1255 1158 1330 corporis

142 1337 342 1398 exulceratam
365 1344 396 1398 et
419 1348 642 1398 excrescentem
665 1339 730 1398 sine
753 1357 859 1416 magno
883 1357 986 1400 morsu
1008 1339 1094 1402 tollit.

104 1442 122 1491 ‘l
229 1426 365 1488 Pulveris
379 1426 566 1488 Pancratiani
585 1426 732 1488 confectio
753 1427 789 1488 ad
807 1427 947 1506 rhagadia
965 1427 1012 1488 vel
1030 1429 1157 1491 exocha-

142 1516 189 1576 dia
218 1518 274 1578 sic:
301 1516 447 1578 Aluminis
475 1515 597 1577 rotundi
624 1515 747 1577 ustulati
770 1524 800 1576 et
823 1518 926 1577 siccati
948 1517 1065 1599 -ΙΙΙ,
1093 1519 1155 1580 alu·
1170 1533 1193 1574 u

141 1607 230 1667 minis
253 1605 358 1668 schisti
382 1637 423 1650 -
443 1603 497 1686 ΠΙ,
524 1607 597 1666 nitri
620 1607 680 1666 usti
704 1597 744 1691 ιβ
763 1603 813 1686 Vl,
840 1607 918 1666 aeris
941 1605 1024 1666 lloris
1048 1599 1088 1693 ιβ
1108 1607 1157 1669 Vl.

141 1693 247 1756 Omnia
265 1695 338 1756 haec
356 1696 502 1774 permixta
517 1703 547 1755 et
560 1696 631 1755 trita
646 1693 792 1774 servabis3
811 1713 879 1754 oum
894 1695 1039 1756 utendum
1053 1696 1156 1778 luerit,

141 1802 210 1844 oum
229 1792 312 1844 aceto
331 1785 394 1844 acri
411 1783 519 1844 inlines
538 1783 698 1844 exochadia
716 1782 761 1844 rel
779 1782 928 1864 rhagadia,
947 1784 1000 1844 sed
1018 1783 1155 1868 adsidue,

140 1880 175 1933 ut
197 1875 275 1934 intra
299 1881 438 1952 quartum
462 1873 541 1933 diem
564 1879 715 1933 sanentur.

102 1975 121 2023 8
229 1961 273 2022 hd
301 1960 350 2022 ani
377 1964 446 2022 vitia
475 1969 505 2022 et
532 1969 666 2023 tumores
694 1968 724 2021 et
751 1958 874 2020 vulnera
901 1962 1066 2039 conpositio
1095 1963 1192 2026 simeo

140 2050 266 2111 llesinae
294 2049 513 2111 terebinthinae
542 2042 581 2136 ᾖ
607 2048 726 2124 xxvn,
754 2051 827 2110 visci
856 2041 986 2135 ⁷QXll,
1018 2049 1152 2112 cadmiae

141 2133 180 2226 β
200 2139 263 2219 llll,
287 2157 407 2218 spumae
429 2140 545 2217 argenti
564 2131 603 2224 β
623 2137 711 2218 Vllll,
734 2155 873 2198 cerussae
892 2129 932 2223 7⁰⁴
952 2137 1038 2218 Vllll‚
1062 2141 1153 2202 misni

140 2221 290 2314 gihit,
314 2227 423 2288 herbae
446 2226 634 2306 arnoglossae
659 2219 698 2312 9·
722 2224 789 2306 1111,
817 2225 876 2288 olei
901 2229 1010 2288 veteris
1035 2227 1151 2291 libram.

139 2315 218 2377 llaec
246 2318 385 2377 universa
412 2323 550 2377 conteres
579 2323 609 2376 et
635 2314 775 2376 miscebis
803 2324 833 2376 et
857 2334 912 2394 per
936 2315 999 2376 dies
1023 2326 1150 2397 quantos

139 2407 307 2483 oportuerit
329 2404 365 2464 ad
388 2404 488 2466 locum
511 2403 622 2465 doloris
645 2403 785 2484 adpones.
1163 2421 1190 2463 as

102 2506 120 2554 9
227 2493 284 2553 Ani
303 2495 373 2554 vitia
392 2495 491 2554 omnia
509 2495 620 2572 optimc
640 2502 671 2553 et
690 2493 833 2553 citissime
852 2501 937 2554 curat
955 2493 1055 2554 oleum
1068 2492 1149 2555 bom-

138 2580 278 2660 bycinum
305 2600 422 2663 verum,
451 2585 477 2642 si
504 2581 627 2642 adsidue
655 2580 725 2642 inde
754 2589 924 2662 tangantur,
952 2584 992 2644 ita
1016 2591 1049 2644 ut
1072 2584 1150 2644 intra

138 2671 272 2730 triduum
298 2668 345 2730 vel
373 2670 572 2749 quadriduum
600 2669 739 2748 rhagadis
767 2679 797 2732 et
824 2670 984 2732 exochadia
1012 2673 1149 2750 stirpitus

87 2772 120 2820 10
140 2757 230 2840 tollat,
249 2761 275 2819 si
293 2758 416 2820 adsidue
434 2767 571 2838 ponatur.
607 2757 736 2820 Nucleos
758 2759 795 2819 de
815 2758 933 2820 dactulo
952 2759 1101 2822 conbures
1119 2767 1149 2821 et

139 2855 276 2908 conteres
299 2865 389 2926 quam
411 2849 609 2907 minutissime
633 2856 663 2907 et
686 2847 723 2908 de
745 2848 868 2926 pulvere
891 2866 997 2910 eorum
1017 2848 1082 2910 loco
1101 2851 1148 2910 aui
1161 2865 1187 2906 eo

139 2935 308 2997 exulcerato
337 2937 398 2996 sive
427 2934 599 2996 vulneribus
627 2936 692 2996 eius
721 2945 752 2998 et
778 2937 886 2998 fistulis
910 2937 1084 3017 frequenter
1106 2940 1148 2998 in·

85 3039 118 3088 11
137 3043 239 3104 pones.
267 3024 397 3086 Herbam
415 3023 606 3104 polypodium
626 3031 706 3085 teres
726 3032 756 3086 et
774 3027 817 3086 sic
835 3028 867 3086 iu
885 3029 1032 3105 ptisanam
1049 3029 1148 3088 mittes

138 3124 169 3175 et
191 3114 327 3175 sorbebis
350 3115 483 3195 ieiunns3
505 3113 562 3174 hoc
586 3120 616 3174 et
639 3113 733 3174 solvet
756 3121 889 3175 ventrem
913 3121 944 3176 et
967 3133 1056 3176 anum
1079 3115 1148 3177 mol·

137 3202 189 3264 liet
212 3211 384 3266 tumentem.

226 3346 242 3393 6
260 3339 505 3396 medicamentum.
596 3345 611 3394 ‘1
630 3340 775 3408 cogantur.
862 3337 1060 3394 blaesisionem
1079 3341 1147 3410 (sic).

138 3413 172 3461 14
189 3411 396 3477 panchraoiani.
462 3417 495 3466 16
513 3408 601 3466 scisti.
664 3408 752 3479 floris]
771 3407 832 3464 flos.
901 3415 933 3464 21
953 3409 1038 3482 visci]
1057 3409 1146 3466 silum

136 3483 171 3531 26
190 3480 226 3534 ad
244 3482 308 3538 add.
328 3487 392 3538 aute
409 3481 464 3537 ani.
537 3485 572 3535 28
592 3479 716 3550 ragadia
