2518 3806
546 120 783 184 -370-

1242 195 1248 240 l,

157 281 304 342 avellanae
332 279 566 358 magnitudinem
593 299 630 340 ex
658 280 775 340 duobus
804 280 918 360 cyathis
941 297 1035 358 aquae
1059 279 1180 342 calidae
1247 299 1248 342 3

159 369 251 449 dabis,
275 370 463 446 componitur
487 370 542 429 sic:
570 367 749 428 Petroselini
772 367 927 429 drachmas
950 367 990 446 11,
1016 372 1182 429 centaurei
1244 343 1248 426 l

158 457 313 518 drachmas
336 455 376 536 11,
399 455 543 516 marrubii
570 455 740 516 drachmam
763 456 789 536 Ι,
818 456 928 517 scordii
955 455 1133 516 drachmam
1158 457 1181 517 l.

158 545 279 606 'l'undas
302 544 375 604 haec
398 551 429 604 et
451 543 596 606 cribrabis
620 552 651 605 et
674 546 705 604 in
724 544 877 623 pulverem
896 545 1111 604 tenuissimum
1132 564 1181 605 re-

158 633 243 694 dacta
270 633 444 711 despumato
473 630 559 692 melle
586 632 720 713 colliges,
752 640 786 693 ut
819 635 949 712 spissum
977 633 1017 692 sit
1043 633 1204 694 medica-a

160 729 303 802 mentum,
326 727 356 780 et
379 720 531 780 recondes.

108 823 140 873 lu
249 808 292 868 Ad
321 807 481 886 podagram
509 808 640 868 subitum
669 816 698 869 et
721 807 806 869 facile
830 808 995 868 remedium
1018 809 1076 868 sic:
1106 809 1180 869 Alu-

159 915 244 977 men‚
277 902 408 970 acetum,
441 895 545 956 lotium
577 895 739 957 humanum
770 903 855 957 vetus
887 898 990 974 aequis
1023 899 1180 956 mensuris

160 987 307 1066 permisce
335 991 424 1062 atque
452 983 526 1044 adde
554 1003 639 1045 cerae
663 985 694 1045 P.
713 984 738 1066 Ι,
767 987 828 1064 opii
849 1017 894 1026 -
911 983 938 1066 1,
964 983 1050 1044 lactis
1074 987 1180 1044 canini

161 1075 279 1134 unciam
298 1071 320 1151 1,
343 1089 428 1132 rosae
452 1073 548 1132 siccae
572 1075 690 1133 unciam
708 1073 728 1132 l.
768 1071 876 1152 Opium
900 1080 930 1132 et
952 1071 997 1132 lac
1020 1079 1052 1131 et
1074 1089 1215 1132 rosam1o
1247 1069 1248 1156 l

161 1168 242 1221 teres
264 1162 296 1219 in
318 1160 474 1238 mortario,
497 1179 597 1220 ceram
620 1179 690 1220 vero
713 1161 886 1240 liquefacies
910 1168 940 1220 et
963 1159 1052 1220 simul
1076 1163 1179 1220 omnia
1247 1173 1248 1224 t

161 1246 356 1326 permiscebis
388 1253 476 1324 atque
504 1247 572 1306 inde
600 1248 691 1325 pedes
719 1249 827 1309 inlines
855 1255 885 1308 et
912 1247 980 1308 lolia
1008 1247 1096 1308 betae
1126 1257 1179 1309 aut

161 1334 294 1394 lactucae
318 1333 447 1411 desuper
470 1332 611 1412 alligabis.
1247 1403 1248 1408 η

108 1435 142 1486 18
250 1420 294 1481 Ad
317 1421 464 1500 podagrae
488 1421 621 1483 subitum
640 1422 772 1484 dolorem
791 1423 957 1484 remedium
976 1425 1032 1484 sic:
1056 1423 1178 1484 Calccm
1247 1409 1248 1428 ¹

162 1510 259 1571 denuo
278 1527 389 1588 coques
410 1516 440 1569 et
457 1517 538 1570 teres
556 1511 726 1590 adiciesque
744 1530 894 1592 oesypum,
906 1521 936 1572 et
953 1529 1051 1572 rosam
1072 1513 1178 1572 tritam
1192 1529 1213 1568 rs

162 1606 192 1659 et
215 1597 252 1658 de
275 1599 430 1676 permixtis
453 1599 544 1676 pedes
567 1617 748 1678 perungues.

109 1700 142 1749 19
250 1685 366 1746 Phlomi
388 1687 491 1746 uncias
512 1694 583 1767 tres,
606 1689 729 1748 rumicis
748 1689 852 1748 uncias
870 1695 942 1768 tres,
964 1686 1051 1747 ibisci
1070 1690 1179 1748 uncias

162 1783 233 1854 tres,
252 1773 422 1853 cyclaminis
441 1776 544 1834 uncias
562 1783 633 1853 tres,
651 1793 768 1854 myrrae
787 1785 891 1836 tunsae
911 1777 1028 1836 unciam
1043 1774 1065 1836 1.
1090 1773 1178 1836 Phlo-

162 1879 244 1922 mum
271 1861 363 1922 moles
392 1871 422 1922 et
445 1861 540 1942 dices,
568 1863 708 1941 quamdiu
735 1863 841 1925 moles:
870 1863 1025 1924 Summum
1049 1862 1177 1944 caelum,

162 1951 319 2030 imaterra‚
334 1948 463 2010 medium
478 1950 733 2012 medicamentum.
752 1951 864 2012 Deinde
879 1951 968 2011 simul
978 1953 1077 2011 omnia
1090 1959 1176 2013 cocta
1187 1966 1206 2005 u

141 2037 273 2098 -colabis
297 2045 327 2098 et
351 2055 386 2097 ex
409 2037 456 2097 his
479 2037 570 2116 pedes
594 2057 661 2099 cum
685 2057 760 2118 opus
783 2040 874 2100 inerit
899 2038 1084 2118 perfricabis.

109 2139 144 2188 20
255 2125 298 2186 nd
325 2125 492 2203 podagram
513 2127 676 2188 remedium
705 2127 741 2187 de
769 2129 972 2207 experimento
996 2129 1052 2188 sic:
1086 2127 1177 2206 Sper·

164 2214 288 2274 maticae
312 2213 466 2273 drachmas
494 2221 647 2294 quattuor,
674 2215 728 2275 lini
755 2217 877 2276 seminis
905 2215 1061 2276 drachmas
1091 2225 1177 2293 quat-

164 2309 247 2380 tuor,
275 2318 382 2361 eruoae
411 2303 533 2362 seminis
561 2302 716 2364 drachmas
744 2311 897 2383 quattuor,
924 2303 1047 2363 schoeni
1069 2302 1177 2363 drach·

164 2405 226 2449 mas
245 2386 286 2468 11,
316 2390 445 2450 castorei
467 2390 621 2459 drachmas
640 2391 679 2472 11,
708 2409 823 2470 myrrae
847 2390 1002 2451 drachmas
1021 2390 1060 2470 ll,
1088 2391 1176 2450 nardi
1190 2409 1217 2450 aa

165 2477 263 2554 spicae
287 2475 442 2537 drachmas
462 2477 501 2558 11,
530 2481 657 2557 gummis
680 2478 846 2558 Aethiopici
868 2479 1024 2540 drachmas
1042 2477 1081 2558 ll,
1106 2479 1176 2539 salis

165 2562 320 2624 drachmas
348 2563 387 2644 11,
420 2567 531 2644 piperis
561 2565 642 2644 longi
668 2567 837 2627 drachmam
865 2585 967 2647 unam,
1000 2565 1175 2626 nucleorum

163 2653 321 2731 pineorum
340 2651 495 2712 drachmas
514 2652 587 2734 Vlll‚
611 2657 757 2715 satureiae
776 2655 931 2715 drachmas
950 2673 1063 2714 novem.
1095 2652 1174 2714 Haec

165 2741 263 2800 omnia
285 2747 373 2800 tunsa
396 2739 525 2801 cribrata
549 2743 632 2800 etin
655 2741 807 2820 pulverem
827 2745 1036 2803 tenuissimum
1055 2742 1174 2802 redacta

164 2828 294 2905 tritaque
313 2829 344 2886 in
363 2845 456 2888 unum
475 2829 668 2906 permiscebis
687 2839 717 2892 et
736 2849 771 2890 ex
790 2848 825 2890 eo
845 2830 1015 2890 drachmam
1034 2848 1123 2890 unam
1138 2829 1172 2889 ad
1187 2847 1215 2886 so

165 2915 243 2975 diem
266 2916 366 2974 ieiuno
389 2917 420 2974 in
443 2919 563 2994 potione
587 2935 622 2977 ex
645 2920 706 2978 vini
729 2917 834 2997 cyatho
858 2926 1020 2998 temperata
1043 2916 1134 2978 dabis.

112 3015 146 3065 21
255 3001 395 3063 Sambuci
414 3003 491 3083 lolia,
510 3023 578 3064 cum
597 3007 725 3083 primum
744 3006 919 3086 procedunt,
938 3007 974 3066 ad
993 3004 1098 3066 libram
1118 3004 1175 3065 col-

164 3091 238 3169 liges
262 3098 292 3151 et
315 3099 409 3172 teres,
436 3091 613 3171 plantaginis
636 3112 754 3173 quoque
777 3093 907 3154 radicem
931 3094 967 3154 ad
990 3093 1095 3154 libram
1118 3092 1175 3154 col-

165 3178 239 3256 liges
263 3186 293 3240 et
316 3179 482 3240 contundes
506 3189 536 3241 et
559 3184 702 3260 axungiae
725 3184 834 3242 veteris
857 3181 964 3242 libram
986 3180 1127 3260 purgabis
1147 3189 1176 3240 et

165 3267 329 3327 contundes
356 3274 386 3327 et
408 3275 511 3346 postea
530 3269 618 3330 simul
637 3272 735 3330 omnia
753 3269 872 3349 subiges
891 3277 981 3348 atque
999 3269 1068 3329 inde
1084 3269 1175 3347 pedes
1188 3285 1215 3326 aa

164 3353 273 3414 inlines
296 3361 326 3414 et
345 3355 437 3416 caulis
456 3356 560 3416 solium
579 3375 771 3435 superpones,
795 3356 951 3417 confestim
969 3374 1118 3436 praesens*
1130 3375 1175 3416 re-

164 3439 296 3499 medium
320 3441 355 3500 ad
380 3442 539 3503 sedandam
562 3445 720 3524 podagram
744 3445 906 3524 experiere.
