2540 3802
535 64 777 128 -204—

99 245 131 292 tt
151 230 269 288 Urticae
300 259 338 269 -
364 226 417 306 lll,
450 229 503 286 iris
532 225 700 286 Calidoniae
731 258 768 268 —
798 224 851 303 ΙΙΙ,
882 224 1004 284 schoeni
1034 257 1074 270 —
1105 223 1173 304 llll,

152 318 253 394 cyperi
276 347 319 358 -
338 313 391 396 ΙΙΙ,
419 332 550 393 magmae
578 349 615 356 -
636 313 689 394 ΙΙΙ,
716 313 883 393 petrosilini
909 347 946 356 —
972 311 1039 393 llll,
1067 312 1173 373 inulae

151 435 195 446 -
213 402 249 483 ll,
273 405 385 482 piperis
409 403 467 463 albi
493 437 529 445 -
551 402 586 462 ΙΙ.
628 402 714 462 Melle
738 401 858 480 colliges
881 401 953 461 haec
977 403 1078 460 omnia
1098 403 1173 462 trita

44 482 51 551 l
153 500 182 551 et
201 493 296 552 uteris
315 494 456 570 oxyporio
476 494 587 569 optimo
607 492 643 553 ad
662 491 865 570 digerendum,
882 491 961 551 uude
976 493 1066 550 etiam
1082 509 1172 550 cena-

100 592 132 641 78
153 589 202 640 tus
230 598 335 658 parum
364 581 499 659 accipies.
546 580 620 641 Cum
647 589 677 640 te
702 580 832 640 inlecto
856 581 1006 659 posueris,
1031 588 1201 638 ventrems

152 677 237 729 tuum
257 668 421 746 perfricans
440 667 522 728 dices
540 678 600 730 ter:
623 668 725 748 Lupus
746 668 808 729 ibat
826 686 879 746 per
898 669 983 746 viam,
1005 685 1061 744 per
1081 669 1173 727 semi-

153 766 221 831 tam,
246 757 337 816 cruda
360 755 489 836 vorabat,
512 756 624 835 liquida
647 757 780 836 bibebat3
806 756 962 835 physicum
984 755 1041 814 hoc
1066 754 1105 816 ad
1129 755 1174 816 di·

102 859 135 907 79
156 845 319 924 gerendum
343 845 380 905 de
404 848 607 924 experimento
631 849 703 906 satis
726 847 807 907 utile.
843 845 979 904 Puleium
1003 851 1033 903 et
1051 852 1174 904 nastur-

156 937 234 995 cium
259 953 295 992 ex
319 952 394 1012 aqua
418 933 506 994 simul
529 935 685 995 decoctum
708 953 794 994 mane
817 932 899 1014 bibe,
927 931 1101 992 emendabis
1125 933 1176 992 vel

100 1036 135 1085 80
155 1023 298 1083 discuties
317 1021 503 1082 cruditatem.
541 1021 676 1092 Quercus
690 1023 793 1082 viridis
808 1021 876 1082 lolia
891 1039 959 1081 cum
974 1020 1045 1080 salis
1064 1040 1176 1100 spuma
1193 1039 1222 1077 1o

101 1125 134 1173 81
156 1113 286 1172 contrita
307 1119 337 1170 et
355 1113 440 1188 potui
459 1111 525 1170 data
545 1111 710 1171 remediant
728 1111 914 1171 cruditatem.
944 1110 1074 1169 hcorum
1095 1110 1176 1169 Pon-

154 1201 247 1259 ticum
270 1201 374 1258 tritum
399 1217 435 1258 ex
458 1217 534 1276 aqua
557 1197 651 1258 calida
674 1206 778 1276 potum
801 1217 941 1258 mensura
960 1198 1058 1277 cyathi
1079 1201 1176 1259 unius

154 1289 249 1347 ieiuni
273 1286 457 1347 stomachum
481 1287 578 1346 reiicit
601 1286 746 1347 cruditate
771 1285 901 1365 depulsa.

102 1390 136 1439 82
244 1374 307 1456 llis,
327 1377 378 1454 qui
396 1393 452 1434 nec
466 1383 539 1454 potu
553 1377 694 1434 iuvantur
708 1393 763 1434 nec
779 1374 845 1434 cibo
861 1383 890 1435 et
905 1375 1051 1434 stomachi
1065 1385 1177 1436 ructus

156 1483 271 1525 amaros
294 1466 458 1543 patiuntur,
482 1471 680 1542 centauream,
704 1463 734 1522 id
758 1471 804 1524 est
823 1463 862 1524 fel
881 1473 987 1543 terrae,
1011 1467 1177 1524 contritam
1192 1477 1216 1518 1⁵

156 1554 192 1614 ad
208 1571 377 1614 mensuram
391 1553 506 1612 denarii
520 1555 653 1630 argentei
667 1571 701 1612 cx
718 1571 810 1630 aqtrae
825 1551 936 1613 calidae
947 1552 1061 1631 cyathis
1073 1552 1178 1614 tribus

156 1641 313 1702 bibendam
331 1643 439 1700 ieiunis
458 1643 658 1720 pertriduum
674 1640 765 1715 dabis
785 1643 884 1701 statim
898 1640 1078 1700 discutietur
1091 1643 1178 1702 infir·

103 1742 137 1791 83
156 1733 252 1790 mitas.
276 1730 388 1789 Sucum
403 1729 540 1810 absinthi,
556 1749 643 1808 quem
659 1730 764 1790 Graeci
778 1729 884 1808 chylon
895 1728 1046 1789 absinthiu
1056 1740 1181 1809 vocant,

157 1817 303 1877 avellanae
332 1819 534 1895 magnitudine
562 1822 593 1878 in
622 1837 715 1897 aquae
744 1817 855 1878 calidae
887 1820 1037 1896 quartario
1068 1818 1179 1880 biben-

157 1907 227 1966 dum
252 1906 288 1966 da
306 1907 420 1987 ieiun03
440 1914 635 1986 componetur
659 1907 830 1966 stomachus
854 1913 883 1966 et
907 1906 1108 1984 adpetentiam
1135 1912 1179 1969 ci·
1194 1923 1218 1962 so

156 1994 264 2056 borum
287 1993 420 2076 habebit,
444 1997 579 2073 quisquis
602 1997 733 2072 patietur
756 2013 792 2055 ex
814 1996 986 2055 infirmitate
1010 1995 1180 2058 fastidium.

104 2097 138 2146 84
247 2083 428 2164 Oxyporium
451 2086 561 2142 mirum
585 2082 787 2144 Neronianum
810 2085 954 2143 aestivum
982 2091 1013 2142 et
1035 2083 1181 2168 hiemale,

158 2175 183 2233 si
202 2175 230 2232 ei
250 2191 318 2232 cum
337 2171 467 2232 volueris
486 2173 598 2250 piperis
617 2171 727 2248 aliquid
747 2172 900 2252 adieceris,
921 2171 1000 2250 quod
1020 2172 1181 2234 fastidium

158 2261 303 2321 stomachi
326 2277 550 2338 marcoremque
574 2259 715 2340 detergit,
744 2261 901 2321 coniicitur
929 2263 985 2321 sic:
1018 2261 1051 2320 ln
1080 2267 1180 2324 musti

157 2351 288 2408 recentis
312 2356 341 2408 et
365 2349 460 2408 dulcis
479 2350 585 2426 congio
605 2367 640 2408 ex
660 2351 724 2408 uvis
743 2348 818 2409 albis
837 2350 908 2408 lacti
925 2357 1014 2428 atque
1033 2351 1064 2409 in
1084 2349 1225 2410 ollamus

157 2437 298 2514 grandem
322 2439 407 2496 missi
430 2437 580 2497 adduntur
603 2437 733 2517 cydonea
756 2436 780 2495 V
804 2455 863 2498 non
887 2445 1011 2515 purgata
1034 2438 1177 2498 totidem·

159 2543 216 2605 que
239 2525 314 2584 mala
338 2524 463 2606 Punica,
491 2525 609 2586 additur
633 2533 663 2586 et
686 2525 843 2586 sorborum
866 2533 1052 2586 maturorum
1076 2535 1176 2588 sexta-

158 2616 222 2674 rius
246 2621 276 2672 et
299 2613 372 2674 rhus
397 2613 510 2693 Syriaci
534 2617 693 2692 sextarius,
718 2616 799 2674 croci
822 2613 980 2692 scripulus.
1022 2613 1100 2675 llaec
1125 2634 1176 2676 co-

159 2711 293 2781 quuntur
317 2721 412 2780 usque
436 2703 472 2762 ad
496 2702 724 2762 crassitudinem
747 2701 856 2784 mellis,
886 2711 989 2782 postea
1013 2702 1175 2781 diligenter

159 2791 308 2871 colantur,
327 2793 492 2870 repositum
511 2791 695 2851 medicamen
714 2798 849 2852 servatur
867 2793 899 2850 in
917 2794 993 2852 vitro
1013 2794 1174 2874 signatum,
1190 2811 1219 2850 ao

160 2879 212 2939 sed
236 2881 356 2940 omnino
380 2880 538 2958 diligenter
561 2879 703 2959 colatum,
730 2887 765 2940 ut
792 2889 981 2941 excrementa
1004 2883 1102 2940 omnia
1126 2899 1173 2941 se-

158 2976 317 3049 parentur3
340 2969 410 3029 inde
434 2969 521 3029 datur
544 2969 643 3028 ieiuno
666 2967 756 3047 ligula
775 2969 862 3046 plena
880 2968 1007 3046 grandis
1042 2967 1106 3028 Hoc
1126 2981 1174 3031 est

159 3059 343 3138 oxyporium,
363 3057 442 3136 quod
461 3057 540 3118 Nero
559 3056 699 3118 utebatur
718 3057 754 3118 ad
774 3057 978 3137 digestionem,
997 3057 1077 3135 quod
1095 3057 1173 3118 Mar-

159 3145 252 3206 cellus
274 3147 408 3207 medicus
432 3149 570 3226 egregius
594 3147 732 3228 ostendit,
755 3146 834 3224 qarod
858 3153 888 3206 et
911 3163 965 3204 nos
988 3164 1046 3206 usu
1065 3145 1172 3224 proba-

251 3353 450 3410 lcalidoniae.
524 3353 626 3408 scoeni.
704 3349 827 3406 abibat.
904 3347 1171 3417 soxperimentum.

161 3429 193 3477 13
212 3425 319 3482 refecit.
394 3431 427 3479 18
446 3423 612 3480 absentium.
676 3428 709 3478 28
728 3424 757 3476 ei
774 3419 852 3489 rhus]
872 3417 969 3472 tribus.
1025 3419 1172 3488 scripolus.
