<?xml version="1.0" encoding="UTF-8"?>
<!DOCTYPE html PUBLIC "-//W3C//DTD XHTML 1.0 Transitional//EN"
    "http://www.w3.org/TR/xhtml1/DTD/xhtml1-transitional.dtd">
<html xmlns="http://www.w3.org/1999/xhtml" xml:lang="en" lang="en">
 <head>
  <title>
</title>
<meta http-equiv="Content-Type" content="text/html;charset=utf-8" />
  <meta name='ocr-system' content='tesseract 3.04.00' />
  <meta name='ocr-capabilities' content='ocr_page ocr_carea ocr_par ocr_line ocrx_word'/>
</head>
<body>
  <div class='ocr_page' id='page_1' title='image "./marcellidemedic02helmgoog_0034.png"; bbox 0 0 2636 3790; ppageno 0'>
   <div class='ocr_carea' id='block_1_1' title="bbox 578 98 792 162">
    <p class='ocr_par' dir='ltr' id='par_1_1' title="bbox 578 98 792 162">
     <span class='ocr_line' id='line_1_1' title="bbox 578 98 792 162; baseline 0 -18"><span class='ocrx_word' id='word_1_1' title='bbox 578 98 792 162; x_wconf 66' lang='lat'><strong>„22-</strong></span> 
     </span>
    </p>
   </div>
   <div class='ocr_carea' id='block_1_2' title="bbox 127 259 1233 1850">
    <p class='ocr_par' dir='ltr' id='par_1_2' title="bbox 127 259 1233 1850">
     <span class='ocr_line' id='line_1_2' title="bbox 176 259 1189 341; baseline -0.002 -18"><span class='ocrx_word' id='word_1_2' title='bbox 176 279 245 323; x_wconf 91' lang='lat' dir='ltr'><strong>cum</strong></span> <span class='ocrx_word' id='word_1_3' title='bbox 260 260 408 322; x_wconf 91' lang='lat' dir='ltr'><strong>desiderio</strong></span> <span class='ocrx_word' id='word_1_4' title='bbox 423 262 562 341; x_wconf 89' lang='lat' dir='ltr'><strong>recentis,</strong></span> <span class='ocrx_word' id='word_1_5' title='bbox 578 278 637 340; x_wconf 92' lang='lat' dir='ltr'><strong>quo</strong></span> <span class='ocrx_word' id='word_1_6' title='bbox 650 259 848 340; x_wconf 81' lang='lat' dir='ltr'><strong>cruciabatur,</strong></span> <span class='ocrx_word' id='word_1_7' title='bbox 862 268 958 320; x_wconf 89' lang='lat' dir='ltr'><strong>totum</strong></span> <span class='ocrx_word' id='word_1_8' title='bbox 974 260 1054 340; x_wconf 92' lang='lat' dir='ltr'><strong>quod</strong></span> <span class='ocrx_word' id='word_1_9' title='bbox 1069 262 1096 321; x_wconf 89' lang='lat' dir='ltr'><strong>ei</strong></span> <span class='ocrx_word' id='word_1_10' title='bbox 1111 259 1189 322; x_wconf 89' lang='lat' dir='ltr'><strong>obla·</strong></span> 
     </span>
     <span class='ocr_line' id='line_1_3' title="bbox 175 348 1190 430; baseline 0 -20"><span class='ocrx_word' id='word_1_11' title='bbox 175 350 267 412; x_wconf 93' lang='lat' dir='ltr'><strong>latum</strong></span> <span class='ocrx_word' id='word_1_12' title='bbox 291 349 388 410; x_wconf 85' lang='lat' dir='ltr'><strong>fuerat</strong></span> <span class='ocrx_word' id='word_1_13' title='bbox 411 349 566 430; x_wconf 82' lang='lat' dir='ltr'>ebibisset,</span> <span class='ocrx_word' id='word_1_14' title='bbox 595 356 733 410; x_wconf 83' lang='lat' dir='ltr'><strong>auctores</strong></span> <span class='ocrx_word' id='word_1_15' title='bbox 758 348 921 410; x_wconf 83' lang='lat' dir='ltr'><strong>medicinae</strong></span> <span class='ocrx_word' id='word_1_16' title='bbox 945 351 1057 430; x_wconf 81' lang='lat' dir='ltr'><strong>magni,</strong></span> <span class='ocrx_word' id='word_1_17' title='bbox 1086 352 1137 428; x_wconf 91' lang='lat' dir='ltr'><strong>qui</strong></span> <span class='ocrx_word' id='word_1_18' title='bbox 1161 349 1190 410; x_wconf 95' lang='lat' dir='ltr'><strong>id</strong></span> 
     </span>
     <span class='ocr_line' id='line_1_4' title="bbox 177 435 1190 519; baseline -0.001 -20"><span class='ocrx_word' id='word_1_19' title='bbox 177 438 362 519; x_wconf 80' lang='lat' dir='ltr'><strong>spectabant,</strong></span> <span class='ocrx_word' id='word_1_20' title='bbox 393 437 643 500; x_wconf 90' lang='lat' dir='ltr'><strong>exclamaverunt:</strong></span> <span class='ocrx_word' id='word_1_21' title='bbox 681 437 824 498; x_wconf 88' lang='lat' dir='ltr'><strong>Occidisti</strong></span> <span class='ocrx_word' id='word_1_22' title='bbox 855 435 1015 498; x_wconf 87' lang='lat' dir='ltr'><strong>bominem.</strong></span> <span class='ocrx_word' id='word_1_23' title='bbox 1057 437 1190 498; x_wconf 88' lang='lat' dir='ltr'><strong>Necdum</strong></span> 
     </span>
     <span class='ocr_line' id='line_1_5' title="bbox 176 527 1191 606; baseline -0.001 -18"><span class='ocrx_word' id='word_1_24' title='bbox 176 546 233 590; x_wconf 83' lang='lat' dir='ltr'><strong>vox</strong></span> <span class='ocrx_word' id='word_1_25' title='bbox 263 545 367 588; x_wconf 91' lang='lat' dir='ltr'><strong>eorum</strong></span> <span class='ocrx_word' id='word_1_26' title='bbox 393 527 431 588; x_wconf 90' lang='lat' dir='ltr'><strong>ab</strong></span> <span class='ocrx_word' id='word_1_27' title='bbox 460 546 512 588; x_wconf 92' lang='lat' dir='ltr'><strong>ore</strong></span> <span class='ocrx_word' id='word_1_28' title='bbox 543 534 731 606; x_wconf 85' lang='lat' dir='ltr'><strong>manaverat,</strong></span> <span class='ocrx_word' id='word_1_29' title='bbox 764 545 780 586; x_wconf 92' lang='lat' dir='ltr'><strong>e</strong></span> <span class='ocrx_word' id='word_1_30' title='bbox 814 528 938 604; x_wconf 83' lang='lat' dir='ltr'><strong>vestigio</strong></span> <span class='ocrx_word' id='word_1_31' title='bbox 970 545 1041 586; x_wconf 93' lang='lat' dir='ltr'><strong>eum</strong></span> <span class='ocrx_word' id='word_1_32' title='bbox 1069 545 1191 587; x_wconf 90' lang='lat' dir='ltr'><strong>somnus</strong></span> 
     </span>
     <span class='ocr_line' id='line_1_6' title="bbox 177 614 1219 696; baseline -0.004 -20"><span class='ocrx_word' id='word_1_33' title='bbox 177 617 332 694; x_wconf 88' lang='lat' dir='ltr'><strong>occupavit</strong></span> <span class='ocrx_word' id='word_1_34' title='bbox 350 616 501 695; x_wconf 85' lang='lat' dir='ltr'><strong>sudorque</strong></span> <span class='ocrx_word' id='word_1_35' title='bbox 520 615 658 696; x_wconf 82' lang='lat' dir='ltr'><strong>perfudit.</strong></span> <span class='ocrx_word' id='word_1_36' title='bbox 690 614 805 685; x_wconf 85' lang='lat' dir='ltr'><strong>Quibus</strong></span> <span class='ocrx_word' id='word_1_37' title='bbox 824 633 878 694; x_wconf 81' lang='lat' dir='ltr'><strong>ego</strong></span> <span class='ocrx_word' id='word_1_38' title='bbox 892 614 1110 696; x_wconf 86' lang='lat' dir='ltr'><strong>praesentibus,</strong></span> <span class='ocrx_word' id='word_1_39' title='bbox 1130 615 1219 676; x_wconf 80' lang='lat' dir='ltr'><strong>cle-s</strong></span> 
     </span>
     <span class='ocr_line' id='line_1_7' title="bbox 176 703 1190 785; baseline 0.001 -20"><span class='ocrx_word' id='word_1_40' title='bbox 176 706 360 765; x_wconf 82' lang='lat' dir='ltr'><strong>montissime</strong></span> <span class='ocrx_word' id='word_1_41' title='bbox 388 707 563 785; x_wconf 86' lang='lat' dir='ltr'><strong>imperator,</strong></span> <span class='ocrx_word' id='word_1_42' title='bbox 593 705 684 764; x_wconf 89' lang='lat' dir='ltr'><strong>tantis</strong></span> <span class='ocrx_word' id='word_1_43' title='bbox 714 703 834 764; x_wconf 85' lang='lat' dir='ltr'><strong>sudoris</strong></span> <span class='ocrx_word' id='word_1_44' title='bbox 862 705 926 764; x_wconf 91' lang='lat' dir='ltr'><strong>eius</strong></span> <span class='ocrx_word' id='word_1_45' title='bbox 953 703 1190 766; x_wconf 82' lang='lat' dir='ltr'><strong>abstersionibus</strong></span> 
     </span>
     <span class='ocr_line' id='line_1_8' title="bbox 176 791 1191 874; baseline 0 -20"><span class='ocrx_word' id='word_1_46' title='bbox 176 792 316 874; x_wconf 85' lang='lat' dir='ltr'><strong>laborari,</strong></span> <span class='ocrx_word' id='word_1_47' title='bbox 339 801 382 874; x_wconf 91' lang='lat' dir='ltr'><strong>ut,</strong></span> <span class='ocrx_word' id='word_1_48' title='bbox 406 797 432 854; x_wconf 93' lang='lat' dir='ltr'><strong>si</strong></span> <span class='ocrx_word' id='word_1_49' title='bbox 451 793 510 854; x_wconf 88' lang='lat' dir='ltr'><strong>dici</strong></span> <span class='ocrx_word' id='word_1_50' title='bbox 529 794 573 854; x_wconf 87' lang='lat' dir='ltr'><strong>ias</strong></span> <span class='ocrx_word' id='word_1_51' title='bbox 593 795 640 872; x_wconf 89' lang='lat' dir='ltr'><strong>sit,</strong></span> <span class='ocrx_word' id='word_1_52' title='bbox 659 791 743 854; x_wconf 86' lang='lat' dir='ltr'><strong>Nilus</strong></span> <span class='ocrx_word' id='word_1_53' title='bbox 763 811 798 853; x_wconf 89' lang='lat' dir='ltr'><strong>ex</strong></span> <span class='ocrx_word' id='word_1_54' title='bbox 817 794 881 853; x_wconf 89' lang='lat' dir='ltr'><strong>eius</strong></span> <span class='ocrx_word' id='word_1_55' title='bbox 893 811 1023 872; x_wconf 86' lang='lat' dir='ltr'><strong>corpure</strong></span> <span class='ocrx_word' id='word_1_56' title='bbox 1037 793 1191 854; x_wconf 85' lang='lat' dir='ltr'><strong>videretur</strong></span> 
     </span>
     <span class='ocr_line' id='line_1_9' title="bbox 127 881 1190 961; baseline 0 -19"><span class='ocrx_word' id='word_1_57' title='bbox 127 883 158 950; x_wconf 59' lang='grc'><strong>,4</strong></span> <span class='ocrx_word' id='word_1_58' title='bbox 177 881 308 944; x_wconf 87' lang='lat' dir='ltr'><strong>effluere.</strong></span> <span class='ocrx_word' id='word_1_59' title='bbox 350 881 460 943; x_wconf 86' lang='lat' dir='ltr'><strong>Verum</strong></span> <span class='ocrx_word' id='word_1_60' title='bbox 489 900 557 943; x_wconf 91' lang='lat' dir='ltr'><strong>cum</strong></span> <span class='ocrx_word' id='word_1_61' title='bbox 585 899 673 960; x_wconf 82' lang='lat' dir='ltr'><strong>aeger</strong></span> <span class='ocrx_word' id='word_1_62' title='bbox 705 881 933 961; x_wconf 76' lang='lat' dir='ltr'><strong>expergefactus</strong></span> <span class='ocrx_word' id='word_1_63' title='bbox 962 893 1129 942; x_wconf 79' lang='lat' dir='ltr'><strong>recreatum</strong></span> <span class='ocrx_word' id='word_1_64' title='bbox 1158 900 1190 942; x_wconf 89' lang='lat' dir='ltr'><strong>se</strong></span> 
     </span>
     <span class='ocr_line' id='line_1_10' title="bbox 177 969 1190 1052; baseline 0.001 -21"><span class='ocrx_word' id='word_1_65' title='bbox 177 973 317 1032; x_wconf 84' lang='lat' dir='ltr'><strong>extinctis</strong></span> <span class='ocrx_word' id='word_1_66' title='bbox 340 970 475 1031; x_wconf 77' lang='lat' dir='ltr'><strong>febribus</strong></span> <span class='ocrx_word' id='word_1_67' title='bbox 498 980 528 1031; x_wconf 88' lang='lat' dir='ltr'><strong>et</strong></span> <span class='ocrx_word' id='word_1_68' title='bbox 546 969 583 1030; x_wconf 78' lang='lat' dir='ltr'><strong>ab</strong></span> <span class='ocrx_word' id='word_1_69' title='bbox 602 971 773 1030; x_wconf 77' lang='lat' dir='ltr'><strong>infirmitate</strong></span> <span class='ocrx_word' id='word_1_70' title='bbox 792 969 933 1031; x_wconf 85' lang='lat' dir='ltr'><strong>leviorem</strong></span> <span class='ocrx_word' id='word_1_71' title='bbox 951 989 1018 1030; x_wconf 93' lang='lat' dir='ltr'><strong>esse</strong></span> <span class='ocrx_word' id='word_1_72' title='bbox 1036 972 1190 1052; x_wconf 84' lang='lat' dir='ltr'><strong>sensisset,</strong></span> 
     </span>
     <span class='ocr_line' id='line_1_11' title="bbox 176 1057 1232 1138; baseline -0.002 -20"><span class='ocrx_word' id='word_1_73' title='bbox 176 1062 289 1120; x_wconf 88' lang='lat' dir='ltr'><strong>ventris</strong></span> <span class='ocrx_word' id='word_1_74' title='bbox 313 1061 401 1118; x_wconf 87' lang='lat' dir='ltr'><strong>etiam</strong></span> <span class='ocrx_word' id='word_1_75' title='bbox 425 1061 523 1138; x_wconf 88' lang='lat' dir='ltr'><strong>coepit</strong></span> <span class='ocrx_word' id='word_1_76' title='bbox 545 1059 694 1120; x_wconf 80' lang='lat' dir='ltr'><strong>desiderio</strong></span> <span class='ocrx_word' id='word_1_77' title='bbox 717 1057 910 1119; x_wconf 85' lang='lat' dir='ltr'><strong>vehementer</strong></span> <span class='ocrx_word' id='word_1_78' title='bbox 932 1061 1043 1136; x_wconf 86' lang='lat' dir='ltr'><strong>urgeri.</strong></span> <span class='ocrx_word' id='word_1_79' title='bbox 1085 1057 1232 1120; x_wconf 81' lang='lat' dir='ltr'><strong>Adlatum</strong></span> 
     </span>
     <span class='ocr_line' id='line_1_12' title="bbox 175 1146 1190 1229; baseline 0.001 -21"><span class='ocrx_word' id='word_1_80' title='bbox 175 1150 276 1226; x_wconf 74' lang='lat' dir='ltr'><strong>itaque</strong></span> <span class='ocrx_word' id='word_1_81' title='bbox 300 1146 419 1208; x_wconf 86' lang='lat' dir='ltr'><strong>vasculo</strong></span> <span class='ocrx_word' id='word_1_82' title='bbox 443 1165 529 1208; x_wconf 90' lang='lat' dir='ltr'><strong>omne</strong></span> <span class='ocrx_word' id='word_1_83' title='bbox 553 1147 610 1207; x_wconf 86' lang='lat' dir='ltr'><strong>alvi</strong></span> <span class='ocrx_word' id='word_1_84' title='bbox 633 1166 722 1226; x_wconf 91' lang='lat' dir='ltr'><strong>onus,</strong></span> <span class='ocrx_word' id='word_1_85' title='bbox 745 1165 805 1226; x_wconf 85' lang='lat' dir='ltr'><strong>quo</strong></span> <span class='ocrx_word' id='word_1_86' title='bbox 829 1147 1018 1228; x_wconf 81' lang='lat' dir='ltr'><strong>gravabatur,</strong></span> <span class='ocrx_word' id='word_1_87' title='bbox 1043 1150 1190 1229; x_wconf 88' lang='lat' dir='ltr'><strong>exposuit,</strong></span> 
     </span>
     <span class='ocr_line' id='line_1_13' title="bbox 176 1235 1190 1316; baseline 0.001 -20"><span class='ocrx_word' id='word_1_88' title='bbox 176 1235 212 1296; x_wconf 92' lang='lat' dir='ltr'><strong>ad</strong></span> <span class='ocrx_word' id='word_1_89' title='bbox 240 1242 300 1296; x_wconf 92' lang='lat' dir='ltr'><strong>tam</strong></span> <span class='ocrx_word' id='word_1_90' title='bbox 323 1235 423 1296; x_wconf 84' lang='lat' dir='ltr'><strong>dirum</strong></span> <span class='ocrx_word' id='word_1_91' title='bbox 447 1236 588 1316; x_wconf 81' lang='lat' dir='ltr'><strong>lotorem,</strong></span> <span class='ocrx_word' id='word_1_92' title='bbox 616 1244 652 1296; x_wconf 90' lang='lat' dir='ltr'><strong>nt</strong></span> <span class='ocrx_word' id='word_1_93' title='bbox 679 1253 781 1295; x_wconf 86' lang='lat' dir='ltr'><strong>omnes</strong></span> <span class='ocrx_word' id='word_1_94' title='bbox 806 1237 858 1314; x_wconf 88' lang='lat' dir='ltr'><strong>qni</strong></span> <span class='ocrx_word' id='word_1_95' title='bbox 880 1235 941 1298; x_wconf 85' lang='lat' dir='ltr'><strong>illic</strong></span> <span class='ocrx_word' id='word_1_96' title='bbox 962 1237 1087 1298; x_wconf 77' lang='lat' dir='ltr'><strong>aderant</strong></span> <span class='ocrx_word' id='word_1_97' title='bbox 1109 1237 1190 1315; x_wconf 85' lang='lat' dir='ltr'><strong>iuga-</strong></span> 
     </span>
     <span class='ocr_line' id='line_1_14' title="bbox 176 1323 1190 1405; baseline 0.001 -21"><span class='ocrx_word' id='word_1_98' title='bbox 176 1331 290 1405; x_wconf 90' lang='lat' dir='ltr'><strong>rentur,</strong></span> <span class='ocrx_word' id='word_1_99' title='bbox 310 1323 479 1385; x_wconf 85' lang='lat' dir='ltr'><strong>dicentibus</strong></span> <span class='ocrx_word' id='word_1_100' title='bbox 497 1325 627 1402; x_wconf 51' lang='lat' dir='ltr'><strong>mregiis</strong></span> <span class='ocrx_word' id='word_1_101' title='bbox 645 1323 778 1404; x_wconf 83' lang='lat' dir='ltr'><strong>modieis,</strong></span> <span class='ocrx_word' id='word_1_102' title='bbox 800 1323 878 1403; x_wconf 88' lang='lat' dir='ltr'><strong>quod</strong></span> <span class='ocrx_word' id='word_1_103' title='bbox 899 1326 995 1385; x_wconf 84' lang='lat' dir='ltr'><strong>omnia</strong></span> <span class='ocrx_word' id='word_1_104' title='bbox 1015 1326 1079 1385; x_wconf 86' lang='lat' dir='ltr'><strong>eius</strong></span> <span class='ocrx_word' id='word_1_105' title='bbox 1096 1327 1190 1386; x_wconf 89' lang='lat' dir='ltr'><strong>inter-</strong></span> 
     </span>
     <span class='ocr_line' id='line_1_15' title="bbox 176 1412 1189 1492; baseline 0 -18"><span class='ocrx_word' id='word_1_106' title='bbox 176 1431 248 1474; x_wconf 91' lang='lat' dir='ltr'><strong>anea</strong></span> <span class='ocrx_word' id='word_1_107' title='bbox 271 1414 468 1492; x_wconf 75' lang='lat' dir='ltr'><strong>putruissent,</strong></span> <span class='ocrx_word' id='word_1_108' title='bbox 507 1412 578 1473; x_wconf 89' lang='lat' dir='ltr'><strong>Post</strong></span> <span class='ocrx_word' id='word_1_109' title='bbox 600 1412 674 1473; x_wconf 89' lang='lat' dir='ltr'><strong>haec</strong></span> <span class='ocrx_word' id='word_1_110' title='bbox 697 1431 714 1472; x_wconf 82' lang='lat' dir='ltr'><strong>a</strong></span> <span class='ocrx_word' id='word_1_111' title='bbox 737 1430 784 1472; x_wconf 89' lang='lat' dir='ltr'><strong>me</strong></span> <span class='ocrx_word' id='word_1_112' title='bbox 808 1430 897 1491; x_wconf 82' lang='lat' dir='ltr'><strong>aeger</strong></span> <span class='ocrx_word' id='word_1_113' title='bbox 921 1413 956 1474; x_wconf 89' lang='lat' dir='ltr'><strong>ad</strong></span> <span class='ocrx_word' id='word_1_114' title='bbox 980 1412 1100 1474; x_wconf 82' lang='lat' dir='ltr'><strong>balneas</strong></span> <span class='ocrx_word' id='word_1_115' title='bbox 1123 1416 1189 1474; x_wconf 90' lang='lat' dir='ltr'><strong>mit·</strong></span> 
     </span>
     <span class='ocr_line' id='line_1_16' title="bbox 175 1501 1233 1583; baseline -0.006 -20"><span class='ocrx_word' id='word_1_116' title='bbox 175 1503 263 1583; x_wconf 87' lang='lat' dir='ltr'><strong>titur,</strong></span> <span class='ocrx_word' id='word_1_117' title='bbox 291 1509 326 1562; x_wconf 90' lang='lat' dir='ltr'><strong>ut</strong></span> <span class='ocrx_word' id='word_1_118' title='bbox 358 1501 473 1563; x_wconf 80' lang='lat' dir='ltr'><strong>lavacro</strong></span> <span class='ocrx_word' id='word_1_119' title='bbox 502 1503 567 1580; x_wconf 87' lang='lat' dir='ltr'><strong>eius</strong></span> <span class='ocrx_word' id='word_1_120' title='bbox 596 1503 715 1562; x_wconf 89' lang='lat' dir='ltr'><strong>siccitas</strong></span> <span class='ocrx_word' id='word_1_121' title='bbox 738 1503 896 1580; x_wconf 77' lang='lat' dir='ltr'><strong>umigetur.</strong></span> <span class='ocrx_word' id='word_1_122' title='bbox 945 1501 1003 1572; x_wconf 84' lang='lat' dir='ltr'><strong>Qui</strong></span> <span class='ocrx_word' id='word_1_123' title='bbox 1025 1512 1190 1581; x_wconf 89' lang='lat' dir='ltr'><strong>perunctus</strong></span> <span class='ocrx_word' id='word_1_124' title='bbox 1205 1519 1233 1558; x_wconf 79' lang='lat'><strong>15</strong></span> 
     </span>
     <span class='ocr_line' id='line_1_17' title="bbox 175 1589 1191 1670; baseline 0.002 -20"><span class='ocrx_word' id='word_1_125' title='bbox 175 1592 337 1669; x_wconf 83' lang='lat' dir='ltr'><strong>unguentis</strong></span> <span class='ocrx_word' id='word_1_126' title='bbox 364 1589 619 1670; x_wconf 89' lang='lat' dir='ltr'><strong>remediabilibus‚</strong></span> <span class='ocrx_word' id='word_1_127' title='bbox 650 1608 717 1650; x_wconf 90' lang='lat' dir='ltr'><strong>cum</strong></span> <span class='ocrx_word' id='word_1_128' title='bbox 750 1597 818 1669; x_wconf 88' lang='lat' dir='ltr'><strong>post</strong></span> <span class='ocrx_word' id='word_1_129' title='bbox 847 1589 986 1652; x_wconf 88' lang='lat' dir='ltr'><strong>balneum</strong></span> <span class='ocrx_word' id='word_1_130' title='bbox 1014 1593 1191 1652; x_wconf 84' lang='lat' dir='ltr'><strong>vestimenta</strong></span> 
     </span>
     <span class='ocr_line' id='line_1_18' title="bbox 176 1679 1189 1760; baseline 0.001 -20"><span class='ocrx_word' id='word_1_131' title='bbox 176 1681 354 1760; x_wconf 84' lang='lat' dir='ltr'><strong>accepisset,</strong></span> <span class='ocrx_word' id='word_1_132' title='bbox 383 1681 467 1740; x_wconf 83' lang='lat' dir='ltr'><strong>sitire</strong></span> <span class='ocrx_word' id='word_1_133' title='bbox 493 1697 525 1740; x_wconf 89' lang='lat' dir='ltr'><strong>se</strong></span> <span class='ocrx_word' id='word_1_134' title='bbox 555 1679 642 1758; x_wconf 63' lang='lat' dir='ltr'><strong>dixit,</strong></span> <span class='ocrx_word' id='word_1_135' title='bbox 671 1680 771 1739; x_wconf 86' lang='lat' dir='ltr'><strong>statim</strong></span> <span class='ocrx_word' id='word_1_136' title='bbox 791 1697 863 1739; x_wconf 86' lang='lat' dir='ltr'><strong>eum</strong></span> <span class='ocrx_word' id='word_1_137' title='bbox 886 1679 1047 1760; x_wconf 86' lang='lat' dir='ltr'><strong>absinthio,</strong></span> <span class='ocrx_word' id='word_1_138' title='bbox 1075 1681 1106 1740; x_wconf 92' lang='lat' dir='ltr'><strong>in</strong></span> <span class='ocrx_word' id='word_1_139' title='bbox 1131 1699 1189 1759; x_wconf 91' lang='lat' dir='ltr'><strong>quo</strong></span> 
     </span>
     <span class='ocr_line' id='line_1_19' title="bbox 175 1767 1190 1850; baseline 0 -22"><span class='ocrx_word' id='word_1_140' title='bbox 175 1767 345 1848; x_wconf 72' lang='lat' dir='ltr'><strong>libystieum</strong></span> <span class='ocrx_word' id='word_1_141' title='bbox 371 1769 471 1829; x_wconf 82' lang='lat' dir='ltr'><strong>luerat</strong></span> <span class='ocrx_word' id='word_1_142' title='bbox 498 1768 667 1848; x_wconf 79' lang='lat' dir='ltr'><strong>deoscmm,</strong></span> <span class='ocrx_word' id='word_1_143' title='bbox 695 1785 888 1847; x_wconf 80' lang='lat' dir='ltr'><strong>progressum</strong></span> <span class='ocrx_word' id='word_1_144' title='bbox 914 1787 930 1829; x_wconf 88' lang='lat' dir='ltr'><strong>a</strong></span> <span class='ocrx_word' id='word_1_145' title='bbox 954 1767 1059 1829; x_wconf 91' lang='lat' dir='ltr'><strong>balneo</strong></span> <span class='ocrx_word' id='word_1_146' title='bbox 1081 1771 1190 1850; x_wconf 89' lang='lat' dir='ltr'><strong>potavi,</strong></span> 
     </span>
    </p>
   </div>
   <div class='ocr_carea' id='block_1_3' title="bbox 175 1855 1190 1939">
    <p class='ocr_par' dir='ltr' id='par_1_3' title="bbox 175 1855 1190 1939">
     <span class='ocr_line' id='line_1_20' title="bbox 175 1855 1190 1939; baseline 0.001 -21"><span class='ocrx_word' id='word_1_147' title='bbox 175 1875 213 1918; x_wconf 92' lang='lat' dir='ltr'><strong>ne</strong></span> <span class='ocrx_word' id='word_1_148' title='bbox 233 1857 304 1936; x_wconf 90' lang='lat' dir='ltr'><strong>quid</strong></span> <span class='ocrx_word' id='word_1_149' title='bbox 321 1859 503 1918; x_wconf 80' lang='lat' dir='ltr'><strong>causationis</strong></span> <span class='ocrx_word' id='word_1_150' title='bbox 522 1859 552 1917; x_wconf 87' lang='lat' dir='ltr'><strong>in</strong></span> <span class='ocrx_word' id='word_1_151' title='bbox 572 1855 750 1935; x_wconf 79' lang='lat' dir='ltr'><strong>corpusculo</strong></span> <span class='ocrx_word' id='word_1_152' title='bbox 766 1857 834 1917; x_wconf 86' lang='lat' dir='ltr'><strong>eius</strong></span> <span class='ocrx_word' id='word_1_153' title='bbox 852 1866 995 1939; x_wconf 87' lang='lat' dir='ltr'><strong>maneret,</strong></span> <span class='ocrx_word' id='word_1_154' title='bbox 1015 1876 1073 1937; x_wconf 88' lang='lat' dir='ltr'><strong>qno</strong></span> <span class='ocrx_word' id='word_1_155' title='bbox 1092 1860 1190 1919; x_wconf 81' lang='lat' dir='ltr'><strong>vesica</strong></span> 
     </span>
    </p>
   </div>
   <div class='ocr_carea' id='block_1_4' title="bbox 141 1944 1282 3182">
    <p class='ocr_par' dir='ltr' id='par_1_4' title="bbox 176 1944 1232 2026">
     <span class='ocr_line' id='line_1_21' title="bbox 176 1944 1232 2026; baseline 0.001 -20"><span class='ocrx_word' id='word_1_156' title='bbox 176 1944 303 2026; x_wconf 70' lang='lat' dir='ltr'><strong>scybalis</strong></span> <span class='ocrx_word' id='word_1_157' title='bbox 331 1946 377 2006; x_wconf 83' lang='lat' dir='ltr'><strong>rel</strong></span> <span class='ocrx_word' id='word_1_158' title='bbox 405 1945 553 2026; x_wconf 87' lang='lat' dir='ltr'><strong>lapidibus</strong></span> <span class='ocrx_word' id='word_1_159' title='bbox 580 1963 635 2024; x_wconf 88' lang='lat' dir='ltr'><strong>per</strong></span> <span class='ocrx_word' id='word_1_160' title='bbox 662 1946 758 2005; x_wconf 86' lang='lat' dir='ltr'><strong>vicina</strong></span> <span class='ocrx_word' id='word_1_161' title='bbox 785 1945 849 2006; x_wconf 84' lang='lat' dir='ltr'><strong>loca</strong></span> <span class='ocrx_word' id='word_1_162' title='bbox 879 1945 1046 2010; x_wconf 75' lang='lat' dir='ltr'><strong>meantibus</strong></span> <span class='ocrx_word' id='word_1_163' title='bbox 1074 1964 1189 2025; x_wconf 87' lang='lat' dir='ltr'><strong>preme·</strong></span> <span class='ocrx_word' id='word_1_164' title='bbox 1204 1961 1232 2001; x_wconf 79' lang='lat'><strong>2⁰</strong></span> 
     </span>
    </p>

    <p class='ocr_par' dir='ltr' id='par_1_5' title="bbox 141 2034 1282 3182">
     <span class='ocr_line' id='line_1_22' title="bbox 141 2034 1190 2114; baseline 0.002 -21"><span class='ocrx_word' id='word_1_165' title='bbox 141 2044 157 2093; x_wconf 79' lang='lat'><strong>5</strong></span> <span class='ocrx_word' id='word_1_166' title='bbox 176 2042 270 2096; x_wconf 86' lang='lat' dir='ltr'><strong>retur.</strong></span> <span class='ocrx_word' id='word_1_167' title='bbox 306 2035 449 2114; x_wconf 86' lang='lat' dir='ltr'><strong>Praecepi</strong></span> <span class='ocrx_word' id='word_1_168' title='bbox 472 2036 560 2096; x_wconf 84' lang='lat' dir='ltr'><strong>etiam</strong></span> <span class='ocrx_word' id='word_1_169' title='bbox 584 2035 612 2094; x_wconf 90' lang='lat' dir='ltr'><strong>ei</strong></span> <span class='ocrx_word' id='word_1_170' title='bbox 635 2052 733 2094; x_wconf 89' lang='lat' dir='ltr'><strong>escam</strong></span> <span class='ocrx_word' id='word_1_171' title='bbox 755 2035 822 2094; x_wconf 87' lang='lat' dir='ltr'><strong>fieri</strong></span> <span class='ocrx_word' id='word_1_172' title='bbox 846 2034 882 2094; x_wconf 91' lang='lat' dir='ltr'><strong>de</strong></span> <span class='ocrx_word' id='word_1_173' title='bbox 906 2034 1098 2096; x_wconf 86' lang='lat' dir='ltr'><strong>minutalibus</strong></span> <span class='ocrx_word' id='word_1_174' title='bbox 1121 2054 1190 2114; x_wconf 89' lang='lat' dir='ltr'><strong>por·</strong></span> 
     </span>
     <span class='ocr_line' id='line_1_23' title="bbox 177 2123 1282 2214; baseline 0 -30"><span class='ocrx_word' id='word_1_175' title='bbox 177 2125 261 2205; x_wconf 89' lang='lat' dir='ltr'><strong>cinis,</strong></span> <span class='ocrx_word' id='word_1_176' title='bbox 285 2124 315 2184; x_wconf 95' lang='lat' dir='ltr'><strong>id</strong></span> <span class='ocrx_word' id='word_1_177' title='bbox 337 2131 386 2184; x_wconf 89' lang='lat' dir='ltr'><strong>cst</strong></span> <span class='ocrx_word' id='word_1_178' title='bbox 403 2123 566 2202; x_wconf 78' lang='lat' dir='ltr'><strong>podocyliis</strong></span> <span class='ocrx_word' id='word_1_179' title='bbox 586 2129 616 2183; x_wconf 89' lang='lat' dir='ltr'><strong>et</strong></span> <span class='ocrx_word' id='word_1_180' title='bbox 634 2123 813 2205; x_wconf 85' lang='lat' dir='ltr'><strong>ventricu103</strong></span> <span class='ocrx_word' id='word_1_181' title='bbox 836 2125 867 2183; x_wconf 94' lang='lat' dir='ltr'><strong>in</strong></span> <span class='ocrx_word' id='word_1_182' title='bbox 887 2141 976 2203; x_wconf 86' lang='lat' dir='ltr'><strong>quem</strong></span> <span class='ocrx_word' id='word_1_183' title='bbox 990 2123 1189 2184; x_wconf 88' lang='lat' dir='ltr'><strong>ventriculum</strong></span> <span class='ocrx_word' id='word_1_184' title='bbox 1281 2187 1282 2214; x_wconf 56' lang='lat'><strong>,</strong></span> 
     </span>
     <span class='ocr_line' id='line_1_24' title="bbox 176 2210 1282 2294; baseline 0 -21"><span class='ocrx_word' id='word_1_185' title='bbox 176 2221 293 2273; x_wconf 89' lang='lat' dir='ltr'><strong>acetum</strong></span> <span class='ocrx_word' id='word_1_186' title='bbox 321 2213 501 2292; x_wconf 75' lang='lat' dir='ltr'><strong>cyminatum</strong></span> <span class='ocrx_word' id='word_1_187' title='bbox 529 2211 646 2272; x_wconf 89' lang='lat' dir='ltr'><strong>modico</strong></span> <span class='ocrx_word' id='word_1_188' title='bbox 677 2210 791 2272; x_wconf 87' lang='lat' dir='ltr'><strong>adiecto</strong></span> <span class='ocrx_word' id='word_1_189' title='bbox 819 2211 914 2274; x_wconf 78' lang='lat' dir='ltr'><strong>lasese</strong></span> <span class='ocrx_word' id='word_1_190' title='bbox 941 2214 1021 2273; x_wconf 84' lang='lat' dir='ltr'><strong>mitti</strong></span> <span class='ocrx_word' id='word_1_191' title='bbox 1045 2213 1189 2294; x_wconf 86' lang='lat' dir='ltr'><strong>mandavi,</strong></span> <span class='ocrx_word' id='word_1_192' title='bbox 1281 2221 1282 2264; x_wconf 80' lang='lat' dir='ltr'><strong>t</strong></span> 
     </span>
     <span class='ocr_line' id='line_1_25' title="bbox 176 2301 1189 2382; baseline 0.002 -22"><span class='ocrx_word' id='word_1_193' title='bbox 176 2309 210 2360; x_wconf 92' lang='lat' dir='ltr'><strong>ut</strong></span> <span class='ocrx_word' id='word_1_194' title='bbox 233 2302 353 2360; x_wconf 91' lang='lat' dir='ltr'><strong>omnino</strong></span> <span class='ocrx_word' id='word_1_195' title='bbox 377 2309 497 2361; x_wconf 84' lang='lat' dir='ltr'><strong>excocta</strong></span> <span class='ocrx_word' id='word_1_196' title='bbox 520 2318 590 2360; x_wconf 87' lang='lat' dir='ltr'><strong>earo</strong></span> <span class='ocrx_word' id='word_1_197' title='bbox 607 2301 698 2360; x_wconf 78' lang='lat' dir='ltr'><strong>etiam</strong></span> <span class='ocrx_word' id='word_1_198' title='bbox 717 2319 855 2362; x_wconf 87' lang='lat' dir='ltr'><strong>ossorum</strong></span> <span class='ocrx_word' id='word_1_199' title='bbox 874 2301 1014 2362; x_wconf 76' lang='lat' dir='ltr'><strong>duritiam</strong></span> <span class='ocrx_word' id='word_1_200' title='bbox 1033 2301 1189 2382; x_wconf 89' lang='lat' dir='ltr'><strong>emolliret,</strong></span> 
     </span>
     <span class='ocr_line' id='line_1_26' title="bbox 176 2387 1229 2468; baseline 0.002 -19"><span class='ocrx_word' id='word_1_201' title='bbox 176 2396 210 2449; x_wconf 90' lang='lat' dir='ltr'><strong>ut</strong></span> <span class='ocrx_word' id='word_1_202' title='bbox 229 2387 325 2449; x_wconf 86' lang='lat' dir='ltr'><strong>soluta</strong></span> <span class='ocrx_word' id='word_1_203' title='bbox 345 2407 450 2450; x_wconf 88' lang='lat' dir='ltr'><strong>eorum</strong></span> <span class='ocrx_word' id='word_1_204' title='bbox 467 2389 596 2450; x_wconf 91' lang='lat' dir='ltr'><strong>medulla</strong></span> <span class='ocrx_word' id='word_1_205' title='bbox 613 2407 683 2450; x_wconf 88' lang='lat' dir='ltr'><strong>cum</strong></span> <span class='ocrx_word' id='word_1_206' title='bbox 701 2391 767 2450; x_wconf 91' lang='lat' dir='ltr'><strong>iure</strong></span> <span class='ocrx_word' id='word_1_207' title='bbox 786 2391 851 2468; x_wconf 88' lang='lat' dir='ltr'><strong>ipso</strong></span> <span class='ocrx_word' id='word_1_208' title='bbox 871 2389 1090 2451; x_wconf 85' lang='lat' dir='ltr'><strong>absorberetur.</strong></span> <span class='ocrx_word' id='word_1_209' title='bbox 1122 2389 1188 2451; x_wconf 87' lang='lat' dir='ltr'><strong>Non</strong></span> <span class='ocrx_word' id='word_1_210' title='bbox 1202 2403 1229 2444; x_wconf 74' lang='lat'><strong>25</strong></span> 
     </span>
     <span class='ocr_line' id='line_1_27' title="bbox 175 2476 1281 2560; baseline 0.002 -22"><span class='ocrx_word' id='word_1_211' title='bbox 175 2476 300 2538; x_wconf 88' lang='lat' dir='ltr'><strong>dubium</strong></span> <span class='ocrx_word' id='word_1_212' title='bbox 324 2485 370 2538; x_wconf 88' lang='lat' dir='ltr'><strong>est</strong></span> <span class='ocrx_word' id='word_1_213' title='bbox 390 2487 498 2560; x_wconf 86' lang='lat' dir='ltr'><strong>autern,</strong></span> <span class='ocrx_word' id='word_1_214' title='bbox 516 2480 628 2557; x_wconf 90' lang='lat' dir='ltr'><strong>optime</strong></span> <span class='ocrx_word' id='word_1_215' title='bbox 647 2481 818 2559; x_wconf 84' lang='lat' dir='ltr'><strong>imperator,</strong></span> <span class='ocrx_word' id='word_1_216' title='bbox 838 2479 918 2557; x_wconf 85' lang='lat' dir='ltr'><strong>qnod</strong></span> <span class='ocrx_word' id='word_1_217' title='bbox 934 2498 973 2539; x_wconf 86' lang='lat' dir='ltr'><strong>ex</strong></span> <span class='ocrx_word' id='word_1_218' title='bbox 991 2479 1189 2558; x_wconf 81' lang='lat' dir='ltr'><strong>indigestione</strong></span> <span class='ocrx_word' id='word_1_219' title='bbox 1280 2495 1281 2498; x_wconf 73' lang='grc'>’</span> 
     </span>
     <span class='ocr_line' id='line_1_28' title="bbox 176 2566 1189 2647; baseline 0 -20"><span class='ocrx_word' id='word_1_220' title='bbox 176 2573 367 2628; x_wconf 86' lang='lat' dir='ltr'><strong>externarum</strong></span> <span class='ocrx_word' id='word_1_221' title='bbox 393 2567 701 2646; x_wconf 83' lang='lat' dir='ltr'><strong>erudissimarumque</strong></span> <span class='ocrx_word' id='word_1_222' title='bbox 732 2566 921 2646; x_wconf 75' lang='lat' dir='ltr'><strong>crapulatum</strong></span> <span class='ocrx_word' id='word_1_223' title='bbox 952 2566 999 2630; x_wconf 87' lang='lat' dir='ltr'><strong>rel</strong></span> <span class='ocrx_word' id='word_1_224' title='bbox 1032 2567 1189 2647; x_wconf 85' lang='lat' dir='ltr'><strong>superfusa</strong></span> 
     </span>
     <span class='ocr_line' id='line_1_29' title="bbox 174 2655 1189 2736; baseline 0.001 -21"><span class='ocrx_word' id='word_1_225' title='bbox 174 2655 286 2716; x_wconf 84' lang='lat' dir='ltr'><strong>diversi</strong></span> <span class='ocrx_word' id='word_1_226' title='bbox 308 2657 460 2717; x_wconf 88' lang='lat' dir='ltr'><strong>nimietate</strong></span> <span class='ocrx_word' id='word_1_227' title='bbox 486 2659 546 2717; x_wconf 89' lang='lat' dir='ltr'><strong>vini</strong></span> <span class='ocrx_word' id='word_1_228' title='bbox 570 2655 692 2735; x_wconf 78' lang='lat' dir='ltr'><strong>repletis</strong></span> <span class='ocrx_word' id='word_1_229' title='bbox 716 2663 746 2716; x_wconf 89' lang='lat' dir='ltr'><strong>et</strong></span> <span class='ocrx_word' id='word_1_230' title='bbox 772 2673 865 2736; x_wconf 87' lang='lat' dir='ltr'><strong>paene</strong></span> <span class='ocrx_word' id='word_1_231' title='bbox 893 2655 1078 2718; x_wconf 85' lang='lat' dir='ltr'><strong>tumentibus</strong></span> <span class='ocrx_word' id='word_1_232' title='bbox 1106 2659 1189 2717; x_wconf 88' lang='lat' dir='ltr'><strong>venis</strong></span> 
     </span>
     <span class='ocr_line' id='line_1_30' title="bbox 175 2744 1189 2827; baseline 0.001 -22"><span class='ocrx_word' id='word_1_233' title='bbox 175 2753 264 2823; x_wconf 88' lang='lat' dir='ltr'><strong>potus</strong></span> <span class='ocrx_word' id='word_1_234' title='bbox 296 2746 328 2805; x_wconf 90' lang='lat' dir='ltr'><strong>in</strong></span> <span class='ocrx_word' id='word_1_235' title='bbox 360 2744 526 2808; x_wconf 89' lang='lat' dir='ltr'><strong>visceribus</strong></span> <span class='ocrx_word' id='word_1_236' title='bbox 554 2753 756 2826; x_wconf 88' lang='lat' dir='ltr'><strong>amarescunt,</strong></span> <span class='ocrx_word' id='word_1_237' title='bbox 788 2745 923 2805; x_wconf 89' lang='lat' dir='ltr'><strong>aulertur</strong></span> <span class='ocrx_word' id='word_1_238' title='bbox 951 2763 1087 2827; x_wconf 86' lang='lat' dir='ltr'><strong>somnus,</strong></span> <span class='ocrx_word' id='word_1_239' title='bbox 1121 2744 1189 2806; x_wconf 91' lang='lat' dir='ltr'><strong>sub-</strong></span> 
     </span>
     <span class='ocr_line' id='line_1_31' title="bbox 175 2833 1230 2914; baseline 0.004 -22"><span class='ocrx_word' id='word_1_240' title='bbox 175 2835 311 2912; x_wconf 90' lang='lat' dir='ltr'><strong>sequitur</strong></span> <span class='ocrx_word' id='word_1_241' title='bbox 329 2833 411 2894; x_wconf 86' lang='lat' dir='ltr'><strong>ealor</strong></span> <span class='ocrx_word' id='word_1_242' title='bbox 428 2842 518 2914; x_wconf 85' lang='lat' dir='ltr'><strong>atque</strong></span> <span class='ocrx_word' id='word_1_243' title='bbox 535 2833 720 2895; x_wconf 79' lang='lat' dir='ltr'><strong>occultarum</strong></span> <span class='ocrx_word' id='word_1_244' title='bbox 740 2833 868 2894; x_wconf 80' lang='lat' dir='ltr'><strong>febrium</strong></span> <span class='ocrx_word' id='word_1_245' title='bbox 887 2835 981 2912; x_wconf 88' lang='lat' dir='ltr'><strong>pestis</strong></span> <span class='ocrx_word' id='word_1_246' title='bbox 998 2842 1030 2894; x_wconf 89' lang='lat' dir='ltr'><strong>et</strong></span> <span class='ocrx_word' id='word_1_247' title='bbox 1044 2834 1189 2913; x_wconf 84' lang='lat' dir='ltr'><strong>quaedam</strong></span> <span class='ocrx_word' id='word_1_248' title='bbox 1203 2848 1230 2888; x_wconf 80' lang='grc' dir='ltr'><strong>3ο</strong></span> 
     </span>
     <span class='ocr_line' id='line_1_32' title="bbox 174 2921 1276 3003; baseline 0.004 -23"><span class='ocrx_word' id='word_1_249' title='bbox 174 2921 301 2983; x_wconf 82' lang='lat' dir='ltr'><strong>frenesis</strong></span> <span class='ocrx_word' id='word_1_250' title='bbox 320 2922 410 3000; x_wconf 90' lang='lat' dir='ltr'><strong>pulsu</strong></span> <span class='ocrx_word' id='word_1_251' title='bbox 426 2922 587 2984; x_wconf 86' lang='lat' dir='ltr'><strong>cerebrum</strong></span> <span class='ocrx_word' id='word_1_252' title='bbox 605 2924 760 3003; x_wconf 85' lang='lat' dir='ltr'><strong>inquietat,</strong></span> <span class='ocrx_word' id='word_1_253' title='bbox 779 2931 883 2984; x_wconf 79' lang='lat' dir='ltr'><strong>venter</strong></span> <span class='ocrx_word' id='word_1_254' title='bbox 900 2922 1040 3002; x_wconf 83' lang='lat' dir='ltr'><strong>durescit,</strong></span> <span class='ocrx_word' id='word_1_255' title='bbox 1059 2925 1112 3001; x_wconf 88' lang='lat' dir='ltr'><strong>qui</strong></span> <span class='ocrx_word' id='word_1_256' title='bbox 1130 2925 1189 2984; x_wconf 89' lang='lat' dir='ltr'><strong>iam</strong></span> <span class='ocrx_word' id='word_1_257' title='bbox 1272 2934 1276 2950; x_wconf 92' lang='grc'>·</span> 
     </span>
     <span class='ocr_line' id='line_1_33' title="bbox 173 3009 1190 3092; baseline 0.002 -21"><span class='ocrx_word' id='word_1_258' title='bbox 173 3009 286 3071; x_wconf 84' lang='lat' dir='ltr'><strong>dudum</strong></span> <span class='ocrx_word' id='word_1_259' title='bbox 317 3012 429 3072; x_wconf 89' lang='lat' dir='ltr'><strong>crudus</strong></span> <span class='ocrx_word' id='word_1_260' title='bbox 456 3011 589 3092; x_wconf 90' lang='lat' dir='ltr'><strong>repletus</strong></span> <span class='ocrx_word' id='word_1_261' title='bbox 618 3012 728 3092; x_wconf 77' lang='lat' dir='ltr'><strong>fuerat,</strong></span> <span class='ocrx_word' id='word_1_262' title='bbox 758 3010 993 3074; x_wconf 80' lang='lat' dir='ltr'><strong>exuberantibus</strong></span> <span class='ocrx_word' id='word_1_263' title='bbox 1021 3009 1109 3092; x_wconf 83' lang='lat' dir='ltr'><strong>cibis3</strong></span> <span class='ocrx_word' id='word_1_264' title='bbox 1138 3014 1190 3091; x_wconf 89' lang='lat' dir='ltr'><strong>qui</strong></span> 
     </span>
     <span class='ocr_line' id='line_1_34' title="bbox 174 3098 1190 3182; baseline 0.003 -24"><span class='ocrx_word' id='word_1_265' title='bbox 174 3098 246 3159; x_wconf 90' lang='lat' dir='ltr'><strong>dum</strong></span> <span class='ocrx_word' id='word_1_266' title='bbox 275 3109 496 3182; x_wconf 90' lang='lat' dir='ltr'><strong>excoquuntur,</strong></span> <span class='ocrx_word' id='word_1_267' title='bbox 524 3101 708 3178; x_wconf 91' lang='lat' dir='ltr'><strong>consumptis</strong></span> <span class='ocrx_word' id='word_1_268' title='bbox 739 3117 814 3178; x_wconf 88' lang='lat' dir='ltr'><strong>quae</strong></span> <span class='ocrx_word' id='word_1_269' title='bbox 842 3099 942 3161; x_wconf 91' lang='lat' dir='ltr'><strong>umida</strong></span> <span class='ocrx_word' id='word_1_270' title='bbox 969 3107 1052 3174; x_wconf 93' lang='lat' dir='ltr'><strong>sunt,</strong></span> <span class='ocrx_word' id='word_1_271' title='bbox 1076 3099 1190 3161; x_wconf 88' lang='lat' dir='ltr'><strong>iniiam-</strong></span> 
     </span>
    </p>
   </div>
   <div class='ocr_carea' id='block_1_5' title="bbox 175 3251 1192 3541">
    <p class='ocr_par' dir='ltr' id='par_1_6' title="bbox 175 3251 1192 3541">
     <span class='ocr_line' id='line_1_35' title="bbox 247 3251 1192 3327; baseline 0.001 -19"><span class='ocrx_word' id='word_1_272' title='bbox 247 3259 261 3308; x_wconf 94' lang='lat'><strong>1</strong></span> <span class='ocrx_word' id='word_1_273' title='bbox 281 3253 350 3327; x_wconf 86' lang='lat' dir='ltr'><strong>quo]</strong></span> <span class='ocrx_word' id='word_1_274' title='bbox 368 3271 433 3324; x_wconf 85' lang='lat' dir='ltr'><strong>qua.</strong></span> <span class='ocrx_word' id='word_1_275' title='bbox 499 3260 515 3310; x_wconf 79' lang='lat'><strong>5</strong></span> <span class='ocrx_word' id='word_1_276' title='bbox 534 3252 659 3324; x_wconf 83' lang='lat' dir='ltr'><strong>perfodit</strong></span> <span class='ocrx_word' id='word_1_277' title='bbox 676 3259 733 3307; x_wconf 72' lang='lat' dir='ltr'><strong>lm,</strong></span> <span class='ocrx_word' id='word_1_278' title='bbox 799 3259 831 3307; x_wconf 85' lang='grc'><strong>13</strong></span> <span class='ocrx_word' id='word_1_279' title='bbox 849 3251 978 3307; x_wconf 70' lang='lat' dir='ltr'><strong>interant</strong></span> <span class='ocrx_word' id='word_1_280' title='bbox 996 3257 1045 3307; x_wconf 86' lang='lat' dir='ltr'><strong>1m</strong></span> <span class='ocrx_word' id='word_1_281' title='bbox 1064 3269 1079 3307; x_wconf 86' lang='lat' dir='ltr'><strong>e</strong></span> <span class='ocrx_word' id='word_1_282' title='bbox 1099 3255 1192 3312; x_wconf 77' lang='lat' dir='ltr'><strong>littera</strong></span> 
     </span>
     <span class='ocr_line' id='line_1_36' title="bbox 175 3323 1191 3397; baseline 0.001 -17"><span class='ocrx_word' id='word_1_283' title='bbox 175 3327 368 3397; x_wconf 74' lang='lat' dir='ltr'><strong>superscripta.</strong></span> <span class='ocrx_word' id='word_1_284' title='bbox 442 3331 476 3381; x_wconf 82' lang='lat' dir='ltr'><strong>ib</strong></span> <span class='ocrx_word' id='word_1_285' title='bbox 494 3325 652 3396; x_wconf 72' lang='lat' dir='ltr'><strong>perductus.</strong></span> <span class='ocrx_word' id='word_1_286' title='bbox 722 3328 755 3378; x_wconf 82' lang='lat' dir='ltr'><strong>ts</strong></span> <span class='ocrx_word' id='word_1_287' title='bbox 774 3323 911 3378; x_wconf 80' lang='lat' dir='ltr'><strong>libestico.</strong></span> <span class='ocrx_word' id='word_1_288' title='bbox 979 3330 1012 3377; x_wconf 85' lang='lat'><strong>19</strong></span> <span class='ocrx_word' id='word_1_289' title='bbox 1031 3323 1128 3380; x_wconf 83' lang='lat' dir='ltr'><strong>vesica</strong></span> <span class='ocrx_word' id='word_1_290' title='bbox 1141 3332 1191 3381; x_wconf 80' lang='lat' dir='ltr'><strong>lm</strong></span> 
     </span>
     <span class='ocr_line' id='line_1_37' title="bbox 175 3395 1190 3469; baseline 0.001 -17"><span class='ocrx_word' id='word_1_291' title='bbox 175 3397 278 3454; x_wconf 83' lang='lat' dir='ltr'><strong>vissiea</strong></span> <span class='ocrx_word' id='word_1_292' title='bbox 295 3404 356 3454; x_wconf 61' lang='lat' dir='ltr'><strong>am.</strong></span> <span class='ocrx_word' id='word_1_293' title='bbox 452 3404 485 3452; x_wconf 84' lang='grc'><strong>31</strong></span> <span class='ocrx_word' id='word_1_294' title='bbox 506 3397 544 3469; x_wconf 93' lang='lat' dir='ltr'><strong>ei]</strong></span> <span class='ocrx_word' id='word_1_295' title='bbox 564 3398 600 3452; x_wconf 84' lang='lat' dir='ltr'><strong>et.</strong></span> <span class='ocrx_word' id='word_1_296' title='bbox 701 3401 735 3450; x_wconf 80' lang='lat'><strong>22</strong></span> <span class='ocrx_word' id='word_1_297' title='bbox 755 3395 900 3464; x_wconf 82' lang='lat' dir='ltr'><strong>podocylis</strong></span> <span class='ocrx_word' id='word_1_298' title='bbox 990 3396 1086 3466; x_wconf 88' lang='lat' dir='ltr'><strong>quem]</strong></span> <span class='ocrx_word' id='word_1_299' title='bbox 1106 3398 1190 3466; x_wconf 85' lang='lat' dir='ltr'><strong>quod.</strong></span> 
     </span>
     <span class='ocr_line' id='line_1_38' title="bbox 176 3469 1190 3541; baseline 0.005 -21"><span class='ocrx_word' id='word_1_300' title='bbox 176 3473 353 3526; x_wconf 72' lang='lat' dir='ltr'><strong>atomorum</strong></span> <span class='ocrx_word' id='word_1_301' title='bbox 374 3471 442 3541; x_wconf 79' lang='lat' dir='ltr'><strong>(sic).</strong></span> <span class='ocrx_word' id='word_1_302' title='bbox 508 3469 657 3524; x_wconf 83' lang='lat' dir='ltr'><strong>emolisset.</strong></span> <span class='ocrx_word' id='word_1_303' title='bbox 720 3471 754 3522; x_wconf 80' lang='lat'><strong>28</strong></span> <span class='ocrx_word' id='word_1_304' title='bbox 773 3483 852 3538; x_wconf 88' lang='lat' dir='ltr'><strong>pene.</strong></span> <span class='ocrx_word' id='word_1_305' title='bbox 912 3471 946 3520; x_wconf 83' lang='lat'><strong>33</strong></span> <span class='ocrx_word' id='word_1_306' title='bbox 966 3471 1190 3536; x_wconf 79' lang='lat' dir='ltr'><strong>exquoquuntur.</strong></span> 
     </span>
    </p>
   </div>
   <div class='ocr_carea' id='block_1_6' title="bbox 0 0 1322 3790">
    <p class='ocr_par' dir='ltr' id='par_1_7' title="bbox 0 0 1322 3790">
     <span class='ocr_line' id='line_1_39' title="bbox 0 0 1322 3790; baseline 0 0"><span class='ocrx_word' id='word_1_307' title='bbox 0 0 1322 3790; x_wconf 95' lang='lat' dir='ltr'><strong> </strong></span> 
     </span>
    </p>
   </div>
  </div>
 </body>
</html>
