2528 3814
536 131 780 196 -306-

152 297 230 358 bene
254 295 425 375 incaluerIt,
449 294 619 355 adiciuntur
646 297 677 354 in
701 295 805 356 eodem
833 294 924 355 calice
948 295 984 356 de
1007 293 1068 372 his,
1094 314 1171 374 quae

154 403 245 464 supra
273 386 384 464 scripta
413 390 495 465 sunt,
526 382 664 444 cocliaria
691 385 748 444 tria
776 391 806 442 ct
832 401 953 444 rursum
976 393 1171 462 permovetur

100 487 134 536 10
153 476 292 534 universa
316 474 483 552 permixtio.
525 472 598 532 Cum
624 479 724 532 autem
747 470 845 532 calore
869 472 1031 532 sufficienti
1053 479 1171 552 tempe·

153 570 217 622 rata
240 564 298 622 erit
321 563 415 640 potio,
444 560 563 621 dabitur
587 560 732 639 epotanda
754 577 860 620 versus
883 562 1043 640 orientem,
1066 564 1171 623 statim

154 650 238 712 dolor
262 653 326 711 sine
350 649 535 711 dubitatione
558 647 699 728 cessabit3
728 649 780 709 sed
804 656 838 709 ut
860 651 980 727 penitus
1003 648 1195 731 aboleatur,a

153 740 218 801 dari
246 741 397 818 potionem
425 737 561 798 similiter
590 737 739 816 oportebit
766 755 821 816 per
847 739 1009 816 insequens
1035 737 1169 800 biduum.

153 828 212 889 Sed
236 827 344 908 quibus
367 827 425 888 hoc
448 826 614 887 remedium
637 823 888 907 dabitur,cibum
909 828 941 885 in
959 826 1085 904 prandio
1105 837 1170 888 tan-

151 917 305 978 tummodo
329 922 381 977 aut
404 916 440 976 de
463 923 598 994 tempore
621 917 653 975 in
676 933 750 976 cena
773 917 912 992 exiguum
936 916 1062 996 capient,
1087 917 1168 994 quod

153 1006 238 1066 lacile
258 1006 425 1086 conficiant,
443 1023 481 1065 ne
500 1004 587 1065 crudi
605 1022 669 1064 eam
689 1013 820 1064 sumant:
838 1011 941 1082 postea
960 1021 1030 1064 vero
1049 1007 1081 1064 in
1096 1023 1167 1065 con·

153 1093 342 1155 suetudinem
360 1095 457 1154 vlotus
475 1095 523 1154 sui
540 1095 740 1153 remittentur.
777 1091 934 1171 Oportebit
952 1099 1052 1153 autem
1070 1111 1166 1154 reme·
1181 1114 1207 1152 ao

152 1182 247 1242 diates
270 1200 330 1241 non
349 1183 581 1260 intemperanter
604 1183 636 1241 in
659 1181 794 1242 futurum
813 1183 915 1240 vinum
933 1179 1046 1241 bibere.
1079 1181 1165 1241 Tam-

152 1271 210 1329 etsi
232 1271 313 1328 enim
338 1287 354 1328 a
380 1269 437 1330 coli
460 1269 561 1328 dolore
580 1271 639 1329 tuti
658 1269 778 1350 luerim,
801 1277 936 1329 metuere
954 1269 1048 1329 nihilo
1067 1271 1166 1330 miuus

151 1356 271 1436 debent,
294 1375 331 1417 ne
355 1356 411 1417 alia
434 1365 518 1436 parte
539 1359 674 1437 corporis
693 1375 787 1436 aeque
807 1358 983 1418 adliciantur
1002 1358 1041 1418 ob
1059 1360 1164 1418 intem·

151 1447 324 1526 perantiam,
349 1445 386 1506 ob
410 1463 498 1524 quam
521 1448 625 1525 utique
649 1445 714 1506 colo
737 1446 856 1507 fuerant
878 1453 946 1506 ante
969 1449 1074 1508 vexati.

97 1546 131 1594 11
240 1535 400 1596 Antidotus
416 1533 581 1615 Cosmiana,
600 1553 675 1615 quae
695 1536 766 1596 lacit
783 1537 860 1596 555555
878 1535 915 1595 ad
934 1534 1041 1616 colum,
1062 1535 1165 1596 eadem
1179 1557 1204 1596 55

151 1631 250 1684 moret
268 1626 385 1684 urinam
404 1631 434 1684 et
452 1623 575 1703 prodest
594 1625 675 1684 omni
693 1624 832 1684 adversae
847 1623 1017 1704 valetudini,
1036 1633 1121 1686 sanat
1135 1634 1167 1686 et

150 1712 317 1774 inflationes
345 1712 528 1791 periculosas
556 1715 689 1773 omnium
716 1712 762 1772 vel
787 1712 984 1791 plurimorum
1007 1714 1165 1774 intestino·

149 1819 230 1882 rum,
259 1819 347 1879 quem
375 1801 512 1862 morbum
541 1800 647 1861 Graeci
674 1800 752 1861 ileon
780 1800 942 1882 appellant3
970 1801 1041 1861 lacit
1069 1810 1100 1862 et
1128 1803 1165 1862 ad

149 1888 336 1970 hydropicos,
360 1891 517 1951 coniicitur
538 1891 594 1951 sic:
619 1889 782 1950 Sorborum
802 1892 1063 1950 semimaturorum
1083 1889 1109 1950 X
1129 1889 1166 1972 X,

148 1978 293 2038 marrubii
322 1980 387 2039 suci
414 1978 439 2037 X
463 1977 557 2058 XIIII,
591 1986 767 2039 centaureae
794 1981 894 2039 tenuis
926 1980 991 2040 suci
1019 1978 1044 2037 X
1073 1978 1166 2060 XIIII,
1181 2001 1206 2040 ao

149 2066 248 2127 scillae
273 2069 338 2127 suci
361 2065 496 2146 XXIIII,
519 2067 731 2146 mandragorae
755 2069 820 2129 suci
843 2066 868 2127 X
889 2065 935 2146 VI,
958 2066 1093 2128 hastulae
1117 2087 1166 2129 re-

148 2158 212 2233 giae
237 2158 302 2216 suci
325 2154 351 2215 X
374 2155 425 2236 VI,
453 2157 513 2233 opii
540 2154 656 2236 XIIII,
683 2155 787 2216 laseris
811 2155 965 2235 Cyrenaici
989 2155 1014 2214 X
1038 2155 1064 2235 I,
1091 2157 1167 2236 polii

148 2246 214 2304 suci
238 2242 337 2323 XVI,
361 2245 539 2324 opopanacis
562 2242 679 2323 XIIII,
707 2261 792 2304 rosae
816 2247 938 2304 caninae
962 2247 1028 2305 suci
1051 2244 1166 2321 XIIII,

148 2331 265 2409 galbani
293 2331 408 2413 XIIII,
437 2333 564 2393 castorei
593 2331 708 2412 XIIII,
737 2334 847 2411 agarici
874 2331 900 2392 X
925 2331 992 2413 IIII,
1022 2339 1164 2412 sagapeni

149 2419 174 2479 X
199 2418 234 2499 X,
258 2423 387 2498 gummis
410 2420 441 2480 X'
459 2420 521 2501 llll,
545 2423 713 2481 artemisiae
737 2424 801 2482 suci
825 2421 931 2502 XIIII,
955 2422 1070 2482 cicutae
1094 2426 1161 2483 suci
1179 2441 1207 2482 55

147 2507 262 2587 XIIII,
290 2511 406 2570 resinae
430 2509 649 2570 terebinthinae
673 2508 784 2588 XIIII,
809 2510 942 2570 milelolii
966 2512 1031 2570 suci
1055 2509 1164 2592 XIIII,

146 2595 252 2656 trifolii
276 2599 340 2658 suci
364 2597 470 2676 XIIII,
493 2601 561 2659 vitis
585 2597 667 2658 albae
687 2601 751 2658 suci
769 2597 795 2657 X
814 2597 875 2678 VII,
897 2598 1076 2677 plantaginis
1096 2603 1163 2660 suci

146 2683 173 2744 X
192 2683 228 2762 II,
251 2683 376 2746 bidellae
395 2685 421 2745 X
440 2685 502 2767 IIII,
522 2687 697 2747 draconteae
716 2686 825 2748 radicis
845 2686 950 2766 XIIII,
974 2694 1072 2747 terrae
1090 2687 1162 2748 mali

146 2771 235 2853 XX,
263 2773 337 2833 rhus
366 2773 503 2854 Syriacae
526 2774 552 2834 X
575 2773 625 2856 VI,
654 2777 735 2835 acori
763 2783 793 2836 et
821 2777 899 2836 asari
926 2775 951 2834 X
980 2777 1087 2854 quinos
1114 2776 1161 2836 vel

146 2879 243 2942 senos,
262 2860 385 2922 meliloti
401 2862 425 2922 X
439 2862 485 2942 VI,
504 2863 602 2923 inulae
616 2863 725 2924 radicis
740 2863 765 2923 X
780 2863 825 2944 VI,
844 2863 1044 2944 glycyrrhizac
1059 2863 1084 2922 X
1100 2862 1160 2946 VII,
1175 2883 1204 2923 ao

144 2967 251 3032 erucae
280 2950 389 3010 radicis
412 2910 521 3031 XVII,
548 2953 669 3030 panacis
692 2951 786 3033 XVI,
814 2955 917 3031 cyperi
942 2951 1053 3032 XIIII,
1081 2959 1159 3012 stoe-

144 3037 255 3100 chados
278 3037 304 3098 X
328 3038 379 3120 VI,
407 3041 537 3118 luniperi
560 3038 586 3098 X
610 3039 688 3120 VIII,
716 3039 853 3102 abrotoni
881 3040 996 3121 XIIII,
1024 3001 1159 3102 chamae-

236 3215 269 3266 12
289 3210 369 3266 dolor
388 3213 417 3267 ei
434 3211 485 3266 uti.
596 3216 628 3265 15
649 3211 799 3266 cosmiana
817 3217 866 3266 1m
888 3217 920 3266 at
938 3213 1061 3277 uidetur,
1082 3229 1160 3268 5555555

142 3281 241 3336 litteris
267 3284 353 3338 5555555
376 3284 411 3338 ab
436 3284 523 3338 5555555
547 3299 634 3338 manu
661 3284 793 3351 scriptum
816 3287 856 3337 est
879 3283 995 3338 (losanae
1023 3282 1157 3338 damiani.

145 3357 178 3404 16
197 3351 363 3407 valitudinis
383 3356 453 3435 (cic),
512 3360 545 3408 21
565 3353 707 3434 hastulae]
726 3352 811 3408 55515.
871 3359 905 3407 24
923 3354 1058 3408 5555555555
1076 3371 1157 3422 saga·

142 3422 210 3488 peni
223 3423 250 3476 X
263 3423 325 3493 IIII,
344 3424 466 3492 gummis
481 3423 507 3478 X
521 3424 581 3492 IIII,
597 3442 628 3479 ar
629 3423 755 3478 temisiae
770 3441 830 3478 5υοί
821 3421 869 3476 X
882 3423 934 3476 IIII
948 3440 998 3478 om.
1036 3429 1070 3479 29
1086 3423 1156 3493 syri-

140 3505 199 3546 cae.
274 3495 359 3565 asari]
379 3496 456 3551 astri.
534 3501 568 3550 30
587 3495 750 3566 glycerizae.
825 3499 857 3547 31
877 3493 994 3550 radices.
