<?xml version="1.0" encoding="UTF-8"?>
<!DOCTYPE html PUBLIC "-//W3C//DTD XHTML 1.0 Transitional//EN"
    "http://www.w3.org/TR/xhtml1/DTD/xhtml1-transitional.dtd">
<html xmlns="http://www.w3.org/1999/xhtml" xml:lang="en" lang="en">
 <head>
  <title>
</title>
<meta http-equiv="Content-Type" content="text/html;charset=utf-8" />
  <meta name='ocr-system' content='tesseract 3.04.00' />
  <meta name='ocr-capabilities' content='ocr_page ocr_carea ocr_par ocr_line ocrx_word'/>
</head>
<body>
  <div class='ocr_page' id='page_1' title='image "./marcellidemedic02helmgoog_0131.png"; bbox 0 0 2564 3794; ppageno 0'>
   <div class='ocr_carea' id='block_1_1' title="bbox 479 45 776 154">
    <p class='ocr_par' dir='ltr' id='par_1_1' title="bbox 479 45 776 154">
     <span class='ocr_line' id='line_1_1' title="bbox 479 45 776 154; baseline 0.003 -1"><span class='ocrx_word' id='word_1_1' title='bbox 479 45 776 154; x_wconf 64' lang='grc' dir='ltr'>-119-Δ</span> 
     </span>
    </p>
   </div>
   <div class='ocr_carea' id='block_1_2' title="bbox 0 251 1154 1288">
    <p class='ocr_par' dir='ltr' id='par_1_2' title="bbox 0 251 1099 335">
     <span class='ocr_line' id='line_1_2' title="bbox 90 251 1099 332; baseline -0.001 -19.082"><span class='ocrx_word' id='word_1_2' title='bbox 90 254 188 332; x_wconf 86' lang='lat' dir='ltr'>guinis</span> <span class='ocrx_word' id='word_1_3' title='bbox 208 253 380 330; x_wconf 81' lang='lat' dir='ltr'>eruptiones</span> <span class='ocrx_word' id='word_1_4' title='bbox 399 261 428 312; x_wconf 89' lang='lat' dir='ltr'>et</span> <span class='ocrx_word' id='word_1_5' title='bbox 447 251 483 311; x_wconf 95' lang='lat' dir='ltr'>ad</span> <span class='ocrx_word' id='word_1_6' title='bbox 503 253 677 312; x_wconf 79' lang='lat' dir='ltr'>eminentias</span> <span class='ocrx_word' id='word_1_7' title='bbox 701 254 786 329; x_wconf 84' lang='lat' dir='ltr'>quasi</span> <span class='ocrx_word' id='word_1_8' title='bbox 804 251 927 314; x_wconf 83' lang='lat' dir='ltr'>callosas</span> <span class='ocrx_word' id='word_1_9' title='bbox 951 253 1031 312; x_wconf 90' lang='lat' dir='ltr'>circa</span> <span class='ocrx_word' id='word_1_10' title='bbox 1050 269 1099 312; x_wconf 90' lang='lat' dir='ltr'>an·</span> 
     </span>
    </p>

    <p class='ocr_par' dir='ltr' id='par_1_3' title="bbox 90 339 1100 421">
     <span class='ocr_line' id='line_1_3' title="bbox 90 339 1100 421; baseline -0.001 -20"><span class='ocrx_word' id='word_1_11' title='bbox 90 340 173 420; x_wconf 86' lang='lat' dir='ltr'>gulos</span> <span class='ocrx_word' id='word_1_12' title='bbox 202 342 371 418; x_wconf 89' lang='lat' dir='ltr'>geusiarnm</span> <span class='ocrx_word' id='word_1_13' title='bbox 395 350 425 400; x_wconf 89' lang='lat' dir='ltr'>et</span> <span class='ocrx_word' id='word_1_14' title='bbox 447 339 562 401; x_wconf 90' lang='lat' dir='ltr'>radices</span> <span class='ocrx_word' id='word_1_15' title='bbox 586 339 734 421; x_wconf 85' lang='lat' dir='ltr'>dentium,</span> <span class='ocrx_word' id='word_1_16' title='bbox 763 340 834 400; x_wconf 88' lang='lat' dir='ltr'>lacit</span> <span class='ocrx_word' id='word_1_17' title='bbox 862 349 892 401; x_wconf 90' lang='lat' dir='ltr'>et</span> <span class='ocrx_word' id='word_1_18' title='bbox 918 340 954 400; x_wconf 92' lang='lat' dir='ltr'>ad</span> <span class='ocrx_word' id='word_1_19' title='bbox 982 349 1100 403; x_wconf 87' lang='lat' dir='ltr'>veretra</span> 
     </span>
    </p>

    <p class='ocr_par' dir='ltr' id='par_1_4' title="bbox 0 427 1101 597">
     <span class='ocr_line' id='line_1_4' title="bbox 0 427 1100 507; baseline 0.001 -18"><span class='ocrx_word' id='word_1_20' title='bbox 0 428 1 459; x_wconf 70' lang='lat'><em>³</em></span> <span class='ocrx_word' id='word_1_21' title='bbox 91 428 178 489; x_wconf 92' lang='lat' dir='ltr'>etad</span> <span class='ocrx_word' id='word_1_22' title='bbox 203 427 345 507; x_wconf 79' lang='lat' dir='ltr'>longioris</span> <span class='ocrx_word' id='word_1_23' title='bbox 368 431 512 506; x_wconf 90' lang='lat' dir='ltr'>temporis</span> <span class='ocrx_word' id='word_1_24' title='bbox 535 429 658 489; x_wconf 83' lang='lat' dir='ltr'>fissuras</span> <span class='ocrx_word' id='word_1_25' title='bbox 681 430 712 488; x_wconf 95' lang='lat' dir='ltr'>in</span> <span class='ocrx_word' id='word_1_26' title='bbox 731 447 796 506; x_wconf 89' lang='lat' dir='ltr'>ano,</span> <span class='ocrx_word' id='word_1_27' title='bbox 818 447 891 507; x_wconf 89' lang='lat' dir='ltr'>quas</span> <span class='ocrx_word' id='word_1_28' title='bbox 910 428 1016 489; x_wconf 86' lang='lat' dir='ltr'>Graeci</span> <span class='ocrx_word' id='word_1_29' title='bbox 1034 430 1100 490; x_wconf 84' lang='lat' dir='ltr'>rba·</span> 
     </span>
     <span class='ocr_line' id='line_1_5' title="bbox 91 516 1101 597; baseline 0.002 -21"><span class='ocrx_word' id='word_1_30' title='bbox 91 517 179 596; x_wconf 83' lang='lat' dir='ltr'>gadas</span> <span class='ocrx_word' id='word_1_31' title='bbox 198 516 357 597; x_wconf 90' lang='lat' dir='ltr'>appellant:</span> <span class='ocrx_word' id='word_1_32' title='bbox 381 516 506 578; x_wconf 87' lang='lat' dir='ltr'>Chartae</span> <span class='ocrx_word' id='word_1_33' title='bbox 525 525 618 597; x_wconf 88' lang='lat' dir='ltr'>ustae,</span> <span class='ocrx_word' id='word_1_34' title='bbox 636 517 752 596; x_wconf 86' lang='lat' dir='ltr'>plumbi</span> <span class='ocrx_word' id='word_1_35' title='bbox 770 519 839 594; x_wconf 89' lang='lat' dir='ltr'>usti,</span> <span class='ocrx_word' id='word_1_36' title='bbox 859 535 998 596; x_wconf 89' lang='lat' dir='ltr'>squamae</span> <span class='ocrx_word' id='word_1_37' title='bbox 1015 517 1101 578; x_wconf 91' lang='lat' dir='ltr'>rubri</span> 
     </span>
    </p>

    <p class='ocr_par' dir='ltr' id='par_1_5' title="bbox 63 605 1154 1040">
     <span class='ocr_line' id='line_1_6' title="bbox 63 605 1101 686; baseline -0.004 -16"><span class='ocrx_word' id='word_1_38' title='bbox 63 607 178 686; x_wconf 80' lang='lat' dir='ltr'>saeris,</span> <span class='ocrx_word' id='word_1_39' title='bbox 200 607 409 684; x_wconf 80' lang='lat' dir='ltr'>auripigmenti</span> <span class='ocrx_word' id='word_1_40' title='bbox 429 605 454 666; x_wconf 77' lang='lat' dir='ltr'>li</span> <span class='ocrx_word' id='word_1_41' title='bbox 472 606 568 684; x_wconf 79' lang='lat' dir='ltr'>hinec,</span> <span class='ocrx_word' id='word_1_42' title='bbox 587 605 718 685; x_wconf 87' lang='lat' dir='ltr'>sulpuris</span> <span class='ocrx_word' id='word_1_43' title='bbox 738 607 794 666; x_wconf 89' lang='lat' dir='ltr'>vivi</span> <span class='ocrx_word' id='word_1_44' title='bbox 813 605 879 686; x_wconf 74' lang='lat' dir='ltr'>ri13</span> <span class='ocrx_word' id='word_1_45' title='bbox 898 607 986 666; x_wconf 92' lang='lat' dir='ltr'>siccis</span> <span class='ocrx_word' id='word_1_46' title='bbox 1004 605 1051 666; x_wconf 93' lang='lat' dir='ltr'>his</span> <span class='ocrx_word' id='word_1_47' title='bbox 1071 615 1101 666; x_wconf 90' lang='lat' dir='ltr'>et</span> 
     </span>
     <span class='ocr_line' id='line_1_7' title="bbox 90 693 1100 774; baseline -0.001 -20"><span class='ocrx_word' id='word_1_48' title='bbox 90 694 167 754; x_wconf 93' lang='lat' dir='ltr'>bene</span> <span class='ocrx_word' id='word_1_49' title='bbox 195 696 275 756; x_wconf 88' lang='lat' dir='ltr'>tritis</span> <span class='ocrx_word' id='word_1_50' title='bbox 300 697 344 755; x_wconf 90' lang='lat' dir='ltr'>uti</span> <span class='ocrx_word' id='word_1_51' title='bbox 368 703 499 774; x_wconf 87' lang='lat' dir='ltr'>oportet,</span> <span class='ocrx_word' id='word_1_52' title='bbox 527 703 573 756; x_wconf 90' lang='lat' dir='ltr'>est</span> <span class='ocrx_word' id='word_1_53' title='bbox 596 697 675 756; x_wconf 91' lang='lat' dir='ltr'>enim</span> <span class='ocrx_word' id='word_1_54' title='bbox 699 694 938 756; x_wconf 85' lang='lat' dir='ltr'>efficacissimum</span> <span class='ocrx_word' id='word_1_55' title='bbox 962 693 1100 754; x_wconf 90' lang='lat' dir='ltr'>omnibus</span> 
     </span>
     <span class='ocr_line' id='line_1_8' title="bbox 90 783 1154 862; baseline 0.001 -19"><span class='ocrx_word' id='word_1_56' title='bbox 90 801 180 862; x_wconf 91' lang='lat' dir='ltr'>snpra</span> <span class='ocrx_word' id='word_1_57' title='bbox 199 785 319 862; x_wconf 89' lang='lat' dir='ltr'>scriptis</span> <span class='ocrx_word' id='word_1_58' title='bbox 337 783 593 845; x_wconf 81' lang='lat' dir='ltr'>medicamentum.</span> <span class='ocrx_word' id='word_1_59' title='bbox 630 783 760 844; x_wconf 77' lang='lat' dir='ltr'>Anthera</span> <span class='ocrx_word' id='word_1_60' title='bbox 779 783 815 844; x_wconf 91' lang='lat' dir='ltr'>ad</span> <span class='ocrx_word' id='word_1_61' title='bbox 834 785 966 862; x_wconf 87' lang='lat' dir='ltr'>gingivas</span> <span class='ocrx_word' id='word_1_62' title='bbox 985 792 1100 843; x_wconf 89' lang='lat' dir='ltr'>tumen·</span> <span class='ocrx_word' id='word_1_63' title='bbox 1119 795 1154 844; x_wconf 83' lang='lat'>38</span> 
     </span>
     <span class='ocr_line' id='line_1_9' title="bbox 89 870 1100 952; baseline 0 -20"><span class='ocrx_word' id='word_1_64' title='bbox 89 881 135 932; x_wconf 87' lang='lat' dir='ltr'>tes</span> <span class='ocrx_word' id='word_1_65' title='bbox 158 881 189 932; x_wconf 90' lang='lat' dir='ltr'>et</span> <span class='ocrx_word' id='word_1_66' title='bbox 211 872 247 932; x_wconf 91' lang='lat' dir='ltr'>ad</span> <span class='ocrx_word' id='word_1_67' title='bbox 271 871 371 934; x_wconf 88' lang='lat' dir='ltr'>ulcera</span> <span class='ocrx_word' id='word_1_68' title='bbox 394 871 556 934; x_wconf 89' lang='lat' dir='ltr'>abalienata</span> <span class='ocrx_word' id='word_1_69' title='bbox 576 874 606 932; x_wconf 94' lang='lat' dir='ltr'>in</span> <span class='ocrx_word' id='word_1_70' title='bbox 628 873 754 932; x_wconf 82' lang='lat' dir='ltr'>ueretris</span> <span class='ocrx_word' id='word_1_71' title='bbox 773 881 803 932; x_wconf 92' lang='lat' dir='ltr'>et</span> <span class='ocrx_word' id='word_1_72' title='bbox 822 872 858 932; x_wconf 94' lang='lat' dir='ltr'>ad</span> <span class='ocrx_word' id='word_1_73' title='bbox 878 891 920 952; x_wconf 87' lang='lat' dir='ltr'>ea,</span> <span class='ocrx_word' id='word_1_74' title='bbox 939 873 970 932; x_wconf 94' lang='lat' dir='ltr'>in</span> <span class='ocrx_word' id='word_1_75' title='bbox 990 870 1100 950; x_wconf 89' lang='lat' dir='ltr'>quibus</span> 
     </span>
     <span class='ocr_line' id='line_1_10' title="bbox 89 958 1101 1040; baseline -0.001 -20"><span class='ocrx_word' id='word_1_76' title='bbox 89 963 214 1022; x_wconf 89' lang='lat' dir='ltr'>nimium</span> <span class='ocrx_word' id='word_1_77' title='bbox 238 979 306 1021; x_wconf 93' lang='lat' dir='ltr'>caro</span> <span class='ocrx_word' id='word_1_78' title='bbox 330 963 434 1022; x_wconf 84' lang='lat' dir='ltr'>vitiosa</span> <span class='ocrx_word' id='word_1_79' title='bbox 458 963 637 1022; x_wconf 83' lang='lat' dir='ltr'>excreverit:</span> <span class='ocrx_word' id='word_1_80' title='bbox 674 960 781 1040; x_wconf 85' lang='lat' dir='ltr'>Cyperi</span> <span class='ocrx_word' id='word_1_81' title='bbox 805 961 888 1040; x_wconf 80' lang='lat' dir='ltr'>llll,</span> <span class='ocrx_word' id='word_1_82' title='bbox 916 962 997 1022; x_wconf 91' lang='lat' dir='ltr'>croci</span> <span class='ocrx_word' id='word_1_83' title='bbox 1021 958 1046 1019; x_wconf 72' lang='lat' dir='ltr'>ri</span> <span class='ocrx_word' id='word_1_84' title='bbox 1066 959 1101 1040; x_wconf 80' lang='grc' dir='ltr'>ΙΙ,</span> 
     </span>
    </p>

    <p class='ocr_par' dir='ltr' id='par_1_6' title="bbox 48 1047 1100 1288">
     <span class='ocr_line' id='line_1_11' title="bbox 48 1047 1100 1130; baseline -0.005 -17"><span class='ocrx_word' id='word_1_85' title='bbox 48 1073 76 1113; x_wconf 87' lang='lat'>10</span> <span class='ocrx_word' id='word_1_86' title='bbox 90 1067 207 1128; x_wconf 78' lang='lat' dir='ltr'>myrrae</span> <span class='ocrx_word' id='word_1_87' title='bbox 236 1049 304 1130; x_wconf 76' lang='lat' dir='ltr'>iil,</span> <span class='ocrx_word' id='word_1_88' title='bbox 332 1050 470 1111; x_wconf 87' lang='lat' dir='ltr'>aluminis</span> <span class='ocrx_word' id='word_1_89' title='bbox 498 1051 561 1110; x_wconf 88' lang='lat' dir='ltr'>fissi</span> <span class='ocrx_word' id='word_1_90' title='bbox 588 1048 671 1130; x_wconf 84' lang='lat' dir='ltr'>llll,</span> <span class='ocrx_word' id='word_1_91' title='bbox 700 1049 877 1110; x_wconf 83' lang='lat' dir='ltr'>sandaracae</span> <span class='ocrx_word' id='word_1_92' title='bbox 905 1049 931 1110; x_wconf 78' lang='lat' dir='ltr'>li</span> <span class='ocrx_word' id='word_1_93' title='bbox 954 1047 974 1108; x_wconf 94' lang='lat'>1.</span> <span class='ocrx_word' id='word_1_94' title='bbox 1021 1047 1100 1108; x_wconf 89' lang='lat' dir='ltr'>llaec</span> 
     </span>
     <span class='ocr_line' id='line_1_12' title="bbox 87 1139 1099 1217; baseline 0.001 -20"><span class='ocrx_word' id='word_1_95' title='bbox 87 1139 159 1198; x_wconf 89' lang='lat' dir='ltr'>trita</span> <span class='ocrx_word' id='word_1_96' title='bbox 178 1156 312 1199; x_wconf 90' lang='lat' dir='ltr'>scorsum</span> <span class='ocrx_word' id='word_1_97' title='bbox 332 1140 412 1199; x_wconf 89' lang='lat' dir='ltr'>etin</span> <span class='ocrx_word' id='word_1_98' title='bbox 431 1157 523 1198; x_wconf 89' lang='lat' dir='ltr'>unnrn</span> <span class='ocrx_word' id='word_1_99' title='bbox 543 1140 633 1200; x_wconf 82' lang='lat' dir='ltr'>mixta</span> <span class='ocrx_word' id='word_1_100' title='bbox 651 1147 840 1217; x_wconf 89' lang='lat' dir='ltr'>reponuntur</span> <span class='ocrx_word' id='word_1_101' title='bbox 863 1146 893 1199; x_wconf 89' lang='lat' dir='ltr'>et</span> <span class='ocrx_word' id='word_1_102' title='bbox 912 1140 990 1198; x_wconf 89' lang='lat' dir='ltr'>sicca</span> <span class='ocrx_word' id='word_1_103' title='bbox 1010 1155 1099 1217; x_wconf 92' lang='lat' dir='ltr'>supra</span> 
     </span>
     <span class='ocr_line' id='line_1_13' title="bbox 88 1226 488 1288; baseline 0.003 -2"><span class='ocrx_word' id='word_1_104' title='bbox 88 1227 175 1287; x_wconf 90' lang='lat' dir='ltr'>dictis</span> <span class='ocrx_word' id='word_1_105' title='bbox 199 1228 278 1288; x_wconf 88' lang='lat' dir='ltr'>vitiis</span> <span class='ocrx_word' id='word_1_106' title='bbox 301 1226 488 1288; x_wconf 88' lang='lat' dir='ltr'>adhibentur.</span> 
     </span>
    </p>
   </div>
   <div class='ocr_carea' id='block_1_3' title="bbox 513 1421 678 1482">
    <p class='ocr_par' dir='ltr' id='par_1_7' title="bbox 513 1421 678 1482">
     <span class='ocr_line' id='line_1_14' title="bbox 513 1421 678 1482; baseline 0 0"><span class='ocrx_word' id='word_1_107' title='bbox 513 1421 591 1482; x_wconf 78' lang='lat' dir='ltr'><strong>CAP.</strong></span> <span class='ocrx_word' id='word_1_108' title='bbox 616 1421 678 1482; x_wconf 88' lang='lat' dir='ltr'>Xll.</span> 
     </span>
    </p>
   </div>
   <div class='ocr_carea' id='block_1_4' title="bbox 85 1531 1100 1690">
    <p class='ocr_par' dir='ltr' id='par_1_8' title="bbox 85 1531 1100 1690">
     <span class='ocr_line' id='line_1_15' title="bbox 85 1531 1100 1589; baseline -0.001 -1"><span class='ocrx_word' id='word_1_109' title='bbox 85 1532 248 1588; x_wconf 87' lang='lat' dir='ltr'>Dentinm</span> <span class='ocrx_word' id='word_1_110' title='bbox 267 1533 444 1589; x_wconf 84' lang='lat' dir='ltr'>doloribus</span> <span class='ocrx_word' id='word_1_111' title='bbox 463 1535 498 1588; x_wconf 81' lang='lat' dir='ltr'>et</span> <span class='ocrx_word' id='word_1_112' title='bbox 516 1532 605 1588; x_wconf 83' lang='lat' dir='ltr'>vitiis</span> <span class='ocrx_word' id='word_1_113' title='bbox 625 1547 746 1588; x_wconf 87' lang='lat' dir='ltr'>eorum</span> <span class='ocrx_word' id='word_1_114' title='bbox 763 1532 932 1588; x_wconf 84' lang='lat' dir='ltr'>universis</span> <span class='ocrx_word' id='word_1_115' title='bbox 950 1531 1100 1587; x_wconf 77' lang='lat' dir='ltr'>remedia</span> 
     </span>
     <span class='ocr_line' id='line_1_16' title="bbox 127 1619 1059 1690; baseline -0.001 -15"><span class='ocrx_word' id='word_1_116' title='bbox 127 1621 269 1690; x_wconf 74' lang='lat' dir='ltr'>physice</span> <span class='ocrx_word' id='word_1_117' title='bbox 291 1624 326 1678; x_wconf 86' lang='lat' dir='ltr'>et</span> <span class='ocrx_word' id='word_1_118' title='bbox 347 1621 560 1677; x_wconf 80' lang='lat' dir='ltr'>rationabilia</span> <span class='ocrx_word' id='word_1_119' title='bbox 583 1622 718 1677; x_wconf 85' lang='lat' dir='ltr'>diversa</span> <span class='ocrx_word' id='word_1_120' title='bbox 741 1622 783 1676; x_wconf 88' lang='lat' dir='ltr'>de</span> <span class='ocrx_word' id='word_1_121' title='bbox 806 1619 1059 1690; x_wconf 81' lang='lat' dir='ltr'>experimentis.</span> 
     </span>
    </p>
   </div>
   <div class='ocr_carea' id='block_1_5' title="bbox 44 1755 1136 3255">
    <p class='ocr_par' dir='ltr' id='par_1_9' title="bbox 44 1755 1135 2990">
     <span class='ocr_line' id='line_1_17' title="bbox 174 1755 1135 1836; baseline -0.002 -18"><span class='ocrx_word' id='word_1_122' title='bbox 174 1757 219 1818; x_wconf 82' lang='lat' dir='ltr'>ad</span> <span class='ocrx_word' id='word_1_123' title='bbox 242 1759 375 1819; x_wconf 89' lang='lat' dir='ltr'>dentium</span> <span class='ocrx_word' id='word_1_124' title='bbox 396 1758 528 1818; x_wconf 89' lang='lat' dir='ltr'>dolorem</span> <span class='ocrx_word' id='word_1_125' title='bbox 548 1759 682 1836; x_wconf 87' lang='lat' dir='ltr'>quamvis</span> <span class='ocrx_word' id='word_1_126' title='bbox 700 1757 822 1836; x_wconf 92' lang='lat' dir='ltr'>plurimi</span> <span class='ocrx_word' id='word_1_127' title='bbox 843 1755 943 1816; x_wconf 91' lang='lat' dir='ltr'>dicant</span> <span class='ocrx_word' id='word_1_128' title='bbox 966 1755 1099 1815; x_wconf 77' lang='lat' dir='ltr'>forficem</span> <span class='ocrx_word' id='word_1_129' title='bbox 1121 1768 1135 1816; x_wconf 91' lang='lat'>1</span> 
     </span>
     <span class='ocr_line' id='line_1_18' title="bbox 85 1843 1099 1925; baseline -0.005 -17"><span class='ocrx_word' id='word_1_130' title='bbox 85 1846 253 1908; x_wconf 89' lang='lat' dir='ltr'>remedium</span> <span class='ocrx_word' id='word_1_131' title='bbox 276 1865 340 1907; x_wconf 87' lang='lat' dir='ltr'>esse</span> <span class='ocrx_word' id='word_1_132' title='bbox 364 1848 519 1925; x_wconf 89' lang='lat' dir='ltr'>optimum,</span> <span class='ocrx_word' id='word_1_133' title='bbox 542 1845 634 1906; x_wconf 88' lang='lat' dir='ltr'>multa</span> <span class='ocrx_word' id='word_1_134' title='bbox 657 1854 756 1906; x_wconf 90' lang='lat' dir='ltr'>tamen</span> <span class='ocrx_word' id='word_1_135' title='bbox 775 1846 850 1904; x_wconf 90' lang='lat' dir='ltr'>citra</span> <span class='ocrx_word' id='word_1_136' title='bbox 871 1843 947 1904; x_wconf 92' lang='lat' dir='ltr'>banc</span> <span class='ocrx_word' id='word_1_137' title='bbox 972 1845 1099 1904; x_wconf 88' lang='lat' dir='ltr'>necessi·</span> 
     </span>
     <span class='ocr_line' id='line_1_19' title="bbox 46 1932 1099 2014; baseline -0.005 -17"><span class='ocrx_word' id='word_1_138' title='bbox 46 1943 178 2000; x_wconf 76' lang='lat' dir='ltr'>ntalem</span> <span class='ocrx_word' id='word_1_139' title='bbox 207 1938 270 1998; x_wconf 90' lang='lat' dir='ltr'>scio</span> <span class='ocrx_word' id='word_1_140' title='bbox 298 1936 456 2014; x_wconf 87' lang='lat' dir='ltr'>proluisse.</span> <span class='ocrx_word' id='word_1_141' title='bbox 503 1935 605 2014; x_wconf 90' lang='lat' dir='ltr'>ltaque</span> <span class='ocrx_word' id='word_1_142' title='bbox 634 1953 702 1995; x_wconf 90' lang='lat' dir='ltr'>cum</span> <span class='ocrx_word' id='word_1_143' title='bbox 730 1950 837 1994; x_wconf 83' lang='lat' dir='ltr'>exesus</span> <span class='ocrx_word' id='word_1_144' title='bbox 865 1940 912 1993; x_wconf 91' lang='lat' dir='ltr'>est</span> <span class='ocrx_word' id='word_1_145' title='bbox 939 1932 1036 2011; x_wconf 83' lang='lat' dir='ltr'>aliqua</span> <span class='ocrx_word' id='word_1_146' title='bbox 1064 1950 1099 1993; x_wconf 84' lang='lat' dir='ltr'>en</span> 
     </span>
     <span class='ocr_line' id='line_1_20' title="bbox 85 2020 1099 2104; baseline -0.004 -20"><span class='ocrx_word' id='word_1_147' title='bbox 85 2033 170 2103; x_wconf 92' lang='lat' dir='ltr'>parte</span> <span class='ocrx_word' id='word_1_148' title='bbox 194 2024 281 2104; x_wconf 85' lang='lat' dir='ltr'>dens,</span> <span class='ocrx_word' id='word_1_149' title='bbox 308 2043 367 2084; x_wconf 95' lang='lat' dir='ltr'>non</span> <span class='ocrx_word' id='word_1_150' title='bbox 391 2024 502 2084; x_wconf 91' lang='lat' dir='ltr'>suadeo</span> <span class='ocrx_word' id='word_1_151' title='bbox 525 2026 663 2102; x_wconf 89' lang='lat' dir='ltr'>protinus</span> <span class='ocrx_word' id='word_1_152' title='bbox 686 2021 862 2102; x_wconf 88' lang='lat' dir='ltr'>tollendum,</span> <span class='ocrx_word' id='word_1_153' title='bbox 886 2021 938 2081; x_wconf 89' lang='lat' dir='ltr'>sed</span> <span class='ocrx_word' id='word_1_154' title='bbox 962 2020 1099 2081; x_wconf 84' lang='lat' dir='ltr'>exciden-</span> 
     </span>
     <span class='ocr_line' id='line_1_21' title="bbox 86 2109 1100 2192; baseline -0.006 -18"><span class='ocrx_word' id='word_1_155' title='bbox 86 2113 157 2174; x_wconf 91' lang='lat' dir='ltr'>dum</span> <span class='ocrx_word' id='word_1_156' title='bbox 186 2113 301 2192; x_wconf 90' lang='lat' dir='ltr'>scalpro</span> <span class='ocrx_word' id='word_1_157' title='bbox 326 2112 507 2192; x_wconf 89' lang='lat' dir='ltr'>medicinali,</span> <span class='ocrx_word' id='word_1_158' title='bbox 534 2130 592 2191; x_wconf 90' lang='lat' dir='ltr'>qua</span> <span class='ocrx_word' id='word_1_159' title='bbox 615 2119 736 2173; x_wconf 89' lang='lat' dir='ltr'>cavatus</span> <span class='ocrx_word' id='word_1_160' title='bbox 760 2119 819 2190; x_wconf 87' lang='lat' dir='ltr'>est,</span> <span class='ocrx_word' id='word_1_161' title='bbox 848 2109 927 2188; x_wconf 87' lang='lat' dir='ltr'>quod</span> <span class='ocrx_word' id='word_1_162' title='bbox 951 2111 1015 2169; x_wconf 91' lang='lat' dir='ltr'>sine</span> <span class='ocrx_word' id='word_1_163' title='bbox 1040 2109 1100 2169; x_wconf 88' lang='lat' dir='ltr'>ullo</span> 
     </span>
     <span class='ocr_line' id='line_1_22' title="bbox 85 2199 1101 2282; baseline -0.003 -20"><span class='ocrx_word' id='word_1_164' title='bbox 85 2203 119 2263; x_wconf 89' lang='lat' dir='ltr'>lit</span> <span class='ocrx_word' id='word_1_165' title='bbox 147 2201 262 2282; x_wconf 82' lang='lat' dir='ltr'>dolore3</span> <span class='ocrx_word' id='word_1_166' title='bbox 290 2201 405 2280; x_wconf 90' lang='lat' dir='ltr'>reliqua</span> <span class='ocrx_word' id='word_1_167' title='bbox 433 2203 513 2262; x_wconf 93' lang='lat' dir='ltr'>enim</span> <span class='ocrx_word' id='word_1_168' title='bbox 541 2201 633 2261; x_wconf 88' lang='lat' dir='ltr'>solida</span> <span class='ocrx_word' id='word_1_169' title='bbox 660 2219 730 2278; x_wconf 90' lang='lat' dir='ltr'>pars</span> <span class='ocrx_word' id='word_1_170' title='bbox 758 2199 823 2260; x_wconf 91' lang='lat' dir='ltr'>eius</span> <span class='ocrx_word' id='word_1_171' title='bbox 851 2205 882 2258; x_wconf 89' lang='lat' dir='ltr'>et</span> <span class='ocrx_word' id='word_1_172' title='bbox 909 2200 1039 2278; x_wconf 87' lang='lat' dir='ltr'>speciem</span> <span class='ocrx_word' id='word_1_173' title='bbox 1071 2206 1101 2259; x_wconf 90' lang='lat' dir='ltr'>et</span> 
     </span>
     <span class='ocr_line' id='line_1_23' title="bbox 85 2285 1100 2369; baseline -0.004 -18"><span class='ocrx_word' id='word_1_174' title='bbox 85 2309 175 2351; x_wconf 89' lang='lat' dir='ltr'>nsum</span> <span class='ocrx_word' id='word_1_175' title='bbox 199 2291 297 2351; x_wconf 90' lang='lat' dir='ltr'>dentis</span> <span class='ocrx_word' id='word_1_176' title='bbox 320 2289 490 2369; x_wconf 77' lang='lat' dir='ltr'>praestabit.</span> <span class='ocrx_word' id='word_1_177' title='bbox 527 2289 585 2350; x_wconf 89' lang='lat' dir='ltr'>Sed</span> <span class='ocrx_word' id='word_1_178' title='bbox 604 2307 673 2350; x_wconf 90' lang='lat' dir='ltr'>cum</span> <span class='ocrx_word' id='word_1_179' title='bbox 692 2287 777 2348; x_wconf 92' lang='lat' dir='ltr'>dolor</span> <span class='ocrx_word' id='word_1_180' title='bbox 800 2285 928 2368; x_wconf 82' lang='lat' dir='ltr'>urgebit,</span> <span class='ocrx_word' id='word_1_181' title='bbox 952 2289 1031 2348; x_wconf 91' lang='lat' dir='ltr'>varie</span> <span class='ocrx_word' id='word_1_182' title='bbox 1055 2305 1100 2348; x_wconf 90' lang='lat' dir='ltr'>se·</span> 
     </span>
     <span class='ocr_line' id='line_1_24' title="bbox 46 2377 1100 2458; baseline -0.002 -20"><span class='ocrx_word' id='word_1_183' title='bbox 46 2379 203 2440; x_wconf 74' lang='lat' dir='ltr'>rudandus</span> <span class='ocrx_word' id='word_1_184' title='bbox 225 2387 272 2440; x_wconf 89' lang='lat' dir='ltr'>est</span> <span class='ocrx_word' id='word_1_185' title='bbox 294 2381 402 2458; x_wconf 91' lang='lat' dir='ltr'>partim</span> <span class='ocrx_word' id='word_1_186' title='bbox 426 2377 586 2440; x_wconf 90' lang='lat' dir='ltr'>collutione</span> <span class='ocrx_word' id='word_1_187' title='bbox 606 2377 802 2456; x_wconf 87' lang='lat' dir='ltr'>quorundam,</span> <span class='ocrx_word' id='word_1_188' title='bbox 824 2377 933 2454; x_wconf 89' lang='lat' dir='ltr'>partim</span> <span class='ocrx_word' id='word_1_189' title='bbox 952 2394 1100 2437; x_wconf 89' lang='lat' dir='ltr'>comman-</span> 
     </span>
     <span class='ocr_line' id='line_1_25' title="bbox 86 2463 1100 2548; baseline -0.003 -20"><span class='ocrx_word' id='word_1_190' title='bbox 86 2469 258 2548; x_wconf 87' lang='lat' dir='ltr'>ducatione‚</span> <span class='ocrx_word' id='word_1_191' title='bbox 286 2485 509 2546; x_wconf 89' lang='lat' dir='ltr'>nonnumquam</span> <span class='ocrx_word' id='word_1_192' title='bbox 533 2467 683 2527; x_wconf 86' lang='lat' dir='ltr'>suffitione</span> <span class='ocrx_word' id='word_1_193' title='bbox 712 2475 763 2526; x_wconf 93' lang='lat' dir='ltr'>aut</span> <span class='ocrx_word' id='word_1_194' title='bbox 786 2466 965 2544; x_wconf 92' lang='lat' dir='ltr'>inpositione</span> <span class='ocrx_word' id='word_1_195' title='bbox 989 2463 1100 2544; x_wconf 87' lang='lat' dir='ltr'>aliquo-</span> 
     </span>
     <span class='ocr_line' id='line_1_26' title="bbox 85 2553 1100 2633; baseline -0.003 -17"><span class='ocrx_word' id='word_1_196' title='bbox 85 2575 154 2616; x_wconf 93' lang='lat' dir='ltr'>rum</span> <span class='ocrx_word' id='word_1_197' title='bbox 185 2556 395 2616; x_wconf 90' lang='lat' dir='ltr'>remediorum.</span> <span class='ocrx_word' id='word_1_198' title='bbox 441 2555 567 2617; x_wconf 86' lang='lat' dir='ltr'>Prodest</span> <span class='ocrx_word' id='word_1_199' title='bbox 599 2573 670 2633; x_wconf 85' lang='lat' dir='ltr'>ergo</span> <span class='ocrx_word' id='word_1_200' title='bbox 704 2553 834 2614; x_wconf 88' lang='lat' dir='ltr'>colluere</span> <span class='ocrx_word' id='word_1_201' title='bbox 862 2571 896 2613; x_wconf 93' lang='lat' dir='ltr'>os</span> <span class='ocrx_word' id='word_1_202' title='bbox 926 2554 1100 2632; x_wconf 78' lang='lat' dir='ltr'>frequenter</span> 
     </span>
     <span class='ocr_line' id='line_1_27' title="bbox 85 2641 1100 2724; baseline -0.003 -20"><span class='ocrx_word' id='word_1_203' title='bbox 85 2644 187 2706; x_wconf 90' lang='lat' dir='ltr'>radice</span> <span class='ocrx_word' id='word_1_204' title='bbox 210 2643 320 2706; x_wconf 88' lang='lat' dir='ltr'>barbae</span> <span class='ocrx_word' id='word_1_205' title='bbox 344 2644 564 2724; x_wconf 78' lang='lat' dir='ltr'>quinquefoliae</span> <span class='ocrx_word' id='word_1_206' title='bbox 582 2646 717 2704; x_wconf 88' lang='lat' dir='ltr'>incoctae</span> <span class='ocrx_word' id='word_1_207' title='bbox 736 2645 817 2722; x_wconf 89' lang='lat' dir='ltr'>vino,</span> <span class='ocrx_word' id='word_1_208' title='bbox 840 2644 912 2702; x_wconf 93' lang='lat' dir='ltr'>item</span> <span class='ocrx_word' id='word_1_209' title='bbox 934 2641 1027 2702; x_wconf 86' lang='lat' dir='ltr'>herba</span> <span class='ocrx_word' id='word_1_210' title='bbox 1051 2659 1100 2702; x_wconf 92' lang='lat' dir='ltr'>ur·</span> 
     </span>
     <span class='ocr_line' id='line_1_28' title="bbox 85 2730 1100 2812; baseline -0.004 -18"><span class='ocrx_word' id='word_1_211' title='bbox 85 2733 197 2794; x_wconf 87' lang='lat' dir='ltr'>ceolari</span> <span class='ocrx_word' id='word_1_212' title='bbox 226 2742 256 2794; x_wconf 92' lang='lat' dir='ltr'>et</span> <span class='ocrx_word' id='word_1_213' title='bbox 288 2736 424 2812; x_wconf 89' lang='lat' dir='ltr'>cupressi</span> <span class='ocrx_word' id='word_1_214' title='bbox 455 2733 537 2794; x_wconf 91' lang='lat' dir='ltr'>bacis</span> <span class='ocrx_word' id='word_1_215' title='bbox 569 2751 645 2812; x_wconf 90' lang='lat' dir='ltr'>aqua</span> <span class='ocrx_word' id='word_1_216' title='bbox 672 2734 811 2812; x_wconf 81' lang='lat' dir='ltr'>incoctis3</span> <span class='ocrx_word' id='word_1_217' title='bbox 845 2730 949 2792; x_wconf 79' lang='lat' dir='ltr'>alterni</span> <span class='ocrx_word' id='word_1_218' title='bbox 980 2749 1100 2810; x_wconf 89' lang='lat' dir='ltr'>qnoque</span> 
     </span>
     <span class='ocr_line' id='line_1_29' title="bbox 44 2818 1100 2900; baseline -0.004 -18"><span class='ocrx_word' id='word_1_219' title='bbox 44 2842 71 2882; x_wconf 81' lang='lat' dir='ltr'>ss</span> <span class='ocrx_word' id='word_1_220' title='bbox 85 2822 171 2884; x_wconf 87' lang='lat' dir='ltr'>radix</span> <span class='ocrx_word' id='word_1_221' title='bbox 194 2821 270 2884; x_wconf 88' lang='lat' dir='ltr'>bene</span> <span class='ocrx_word' id='word_1_222' title='bbox 293 2823 402 2900; x_wconf 92' lang='lat' dir='ltr'>accipit</span> <span class='ocrx_word' id='word_1_223' title='bbox 425 2831 476 2882; x_wconf 89' lang='lat' dir='ltr'>aut</span> <span class='ocrx_word' id='word_1_224' title='bbox 499 2821 632 2882; x_wconf 89' lang='lat' dir='ltr'>eiusdem</span> <span class='ocrx_word' id='word_1_225' title='bbox 656 2839 757 2882; x_wconf 92' lang='lat' dir='ltr'>semen</span> <span class='ocrx_word' id='word_1_226' title='bbox 779 2819 900 2880; x_wconf 90' lang='lat' dir='ltr'>linteolo</span> <span class='ocrx_word' id='word_1_227' title='bbox 920 2820 1016 2898; x_wconf 88' lang='lat' dir='ltr'>spisso</span> <span class='ocrx_word' id='word_1_228' title='bbox 1034 2818 1100 2879; x_wconf 92' lang='lat' dir='ltr'>inli-</span> 
     </span>
     <span class='ocr_line' id='line_1_30' title="bbox 85 2909 1100 2990; baseline -0.004 -18"><span class='ocrx_word' id='word_1_229' title='bbox 85 2921 187 2989; x_wconf 86' lang='lat' dir='ltr'>gatum</span> <span class='ocrx_word' id='word_1_230' title='bbox 215 2919 245 2971; x_wconf 93' lang='lat' dir='ltr'>et</span> <span class='ocrx_word' id='word_1_231' title='bbox 272 2928 348 2989; x_wconf 90' lang='lat' dir='ltr'>aqua</span> <span class='ocrx_word' id='word_1_232' title='bbox 376 2912 493 2990; x_wconf 91' lang='lat' dir='ltr'>saepius</span> <span class='ocrx_word' id='word_1_233' title='bbox 521 2911 760 2988; x_wconf 84' lang='lat' dir='ltr'>infervefactum,</span> <span class='ocrx_word' id='word_1_234' title='bbox 792 2911 881 2975; x_wconf 86' lang='lat' dir='ltr'>etiam</span> <span class='ocrx_word' id='word_1_235' title='bbox 912 2926 1003 2970; x_wconf 89' lang='lat' dir='ltr'>sucus</span> <span class='ocrx_word' id='word_1_236' title='bbox 1035 2909 1100 2968; x_wconf 90' lang='lat' dir='ltr'>eius</span> 
     </span>
    </p>

    <p class='ocr_par' dir='ltr' id='par_1_10' title="bbox 84 2995 1136 3255">
     <span class='ocr_line' id='line_1_31' title="bbox 85 2995 1136 3078; baseline -0.005 -18"><span class='ocrx_word' id='word_1_237' title='bbox 85 3009 191 3078; x_wconf 91' lang='lat' dir='ltr'>tepens</span> <span class='ocrx_word' id='word_1_238' title='bbox 211 2998 351 3060; x_wconf 89' lang='lat' dir='ltr'>dentibus</span> <span class='ocrx_word' id='word_1_239' title='bbox 369 2997 520 3059; x_wconf 89' lang='lat' dir='ltr'>adbibitus</span> <span class='ocrx_word' id='word_1_240' title='bbox 538 2998 700 3078; x_wconf 91' lang='lat' dir='ltr'>plurimum</span> <span class='ocrx_word' id='word_1_241' title='bbox 720 2997 852 3076; x_wconf 91' lang='lat' dir='ltr'>prodest.</span> <span class='ocrx_word' id='word_1_242' title='bbox 882 2995 983 3057; x_wconf 87' lang='lat' dir='ltr'>Sulliri</span> <span class='ocrx_word' id='word_1_243' title='bbox 1002 3007 1100 3058; x_wconf 89' lang='lat' dir='ltr'>antem</span> <span class='ocrx_word' id='word_1_244' title='bbox 1120 3008 1136 3055; x_wconf 81' lang='lat'>2</span> 
     </span>
     <span class='ocr_line' id='line_1_32' title="bbox 84 3084 1102 3166; baseline -0.005 -18"><span class='ocrx_word' id='word_1_245' title='bbox 84 3089 190 3148; x_wconf 90' lang='lat' dir='ltr'>dentes</span> <span class='ocrx_word' id='word_1_246' title='bbox 214 3095 333 3166; x_wconf 88' lang='lat' dir='ltr'>oportet</span> <span class='ocrx_word' id='word_1_247' title='bbox 356 3105 407 3146; x_wconf 91' lang='lat' dir='ltr'>ore</span> <span class='ocrx_word' id='word_1_248' title='bbox 431 3086 571 3166; x_wconf 89' lang='lat' dir='ltr'>adaperto</span> <span class='ocrx_word' id='word_1_249' title='bbox 594 3087 698 3148; x_wconf 91' lang='lat' dir='ltr'>alterci</span> <span class='ocrx_word' id='word_1_250' title='bbox 721 3087 833 3146; x_wconf 90' lang='lat' dir='ltr'>semine</span> <span class='ocrx_word' id='word_1_251' title='bbox 853 3084 1032 3146; x_wconf 90' lang='lat' dir='ltr'>carbonibus</span> <span class='ocrx_word' id='word_1_252' title='bbox 1051 3084 1102 3144; x_wconf 89' lang='lat' dir='ltr'>ad-</span> 
     </span>
     <span class='ocr_line' id='line_1_33' title="bbox 84 3172 1100 3255; baseline -0.005 -19"><span class='ocrx_word' id='word_1_253' title='bbox 84 3178 182 3254; x_wconf 88' lang='lat' dir='ltr'>posito</span> <span class='ocrx_word' id='word_1_254' title='bbox 206 3184 296 3255; x_wconf 84' lang='lat' dir='ltr'>atque</span> <span class='ocrx_word' id='word_1_255' title='bbox 320 3174 446 3236; x_wconf 90' lang='lat' dir='ltr'>subinde</span> <span class='ocrx_word' id='word_1_256' title='bbox 465 3193 499 3235; x_wconf 93' lang='lat' dir='ltr'>os</span> <span class='ocrx_word' id='word_1_257' title='bbox 518 3175 648 3236; x_wconf 91' lang='lat' dir='ltr'>colluere</span> <span class='ocrx_word' id='word_1_258' title='bbox 668 3193 744 3254; x_wconf 91' lang='lat' dir='ltr'>aqua</span> <span class='ocrx_word' id='word_1_259' title='bbox 763 3173 866 3254; x_wconf 85' lang='lat' dir='ltr'>calida,</span> <span class='ocrx_word' id='word_1_260' title='bbox 889 3175 920 3233; x_wconf 95' lang='lat' dir='ltr'>in</span> <span class='ocrx_word' id='word_1_261' title='bbox 940 3191 997 3251; x_wconf 80' lang='lat' dir='ltr'>qua</span> <span class='ocrx_word' id='word_1_262' title='bbox 1017 3172 1100 3232; x_wconf 81' lang='lat' dir='ltr'>radin</span> 
     </span>
    </p>
   </div>
   <div class='ocr_carea' id='block_1_6' title="bbox 83 3375 1100 3523">
    <p class='ocr_par' dir='ltr' id='par_1_11' title="bbox 83 3375 1100 3523">
     <span class='ocr_line' id='line_1_34' title="bbox 157 3375 1100 3436; baseline -0.007 -1"><span class='ocrx_word' id='word_1_263' title='bbox 157 3381 317 3436; x_wconf 73' lang='lat' dir='ltr'>Bracadas.</span> <span class='ocrx_word' id='word_1_264' title='bbox 389 3380 467 3436; x_wconf 74' lang='lat' dir='ltr'>enti</span> <span class='ocrx_word' id='word_1_265' title='bbox 484 3397 534 3436; x_wconf 89' lang='lat' dir='ltr'>om.</span> <span class='ocrx_word' id='word_1_266' title='bbox 593 3379 904 3434; x_wconf 68' lang='lat' dir='ltr'>medicamentorum.</span> <span class='ocrx_word' id='word_1_267' title='bbox 989 3382 1022 3430; x_wconf 77' lang='lat'>21</span> <span class='ocrx_word' id='word_1_268' title='bbox 1044 3375 1100 3430; x_wconf 83' lang='lat' dir='ltr'>sni-</span> 
     </span>
     <span class='ocr_line' id='line_1_35' title="bbox 83 3451 585 3523; baseline -0.002 -18"><span class='ocrx_word' id='word_1_269' title='bbox 83 3451 202 3506; x_wconf 84' lang='lat' dir='ltr'>fusione.</span> <span class='ocrx_word' id='word_1_270' title='bbox 275 3457 309 3506; x_wconf 77' lang='lat' dir='ltr'>at</span> <span class='ocrx_word' id='word_1_271' title='bbox 328 3452 438 3523; x_wconf 83' lang='lat' dir='ltr'>tepens]</span> <span class='ocrx_word' id='word_1_272' title='bbox 458 3455 585 3522; x_wconf 86' lang='lat' dir='ltr'>ptepens.</span> 
     </span>
    </p>
   </div>
   <div class='ocr_carea' id='block_1_7' title="bbox 0 0 1286 3794">
    <p class='ocr_par' dir='ltr' id='par_1_12' title="bbox 0 0 1286 3794">
     <span class='ocr_line' id='line_1_36' title="bbox 0 0 1286 3794; baseline 0 0"><span class='ocrx_word' id='word_1_273' title='bbox 0 0 1286 3794; x_wconf 95' lang='lat' dir='ltr'> </span> 
     </span>
    </p>
   </div>
  </div>
 </body>
</html>
