2636 3790
549 130 767 194 ..69-

149 298 213 352 tum
241 309 311 351 sane
341 291 445 351 eodem
469 291 533 352 loco
557 293 589 352 in
613 311 671 371 quo
695 295 811 372 ceperis
834 294 979 374 dimittes,
1006 294 1052 355 vel
1076 297 1164 356 etiam

149 381 176 439 si
199 382 371 458 sanguinem
398 380 434 440 de
459 380 553 441 oculis
576 382 641 441 eius
664 382 729 442 lana
754 383 862 443 munda
886 385 1015 463 excipias
1040 401 1164 464 eamque

148 468 306 549 phoenicio
326 467 482 530 convolvas
501 468 637 549 colloque
656 471 828 552 suspendas,
848 473 942 532 uteris
959 472 1164 533 efficacissimo

149 558 306 618 adversum
330 557 485 619 oculorum
509 558 640 619 dolorem
665 559 804 620 remedio.
842 559 947 622 Cancri
971 560 1075 622 oculus
1095 561 1162 622 sub·
1183 574 1216 622 51

120 647 242 707 utiliter
275 645 409 708 sublatus
442 655 472 707 et
503 649 535 708 in
567 647 724 726 phoenicio
752 648 918 728 conligatus
950 648 1085 728 colloque
1116 668 1163 711 su·

150 753 278 814 spensus
297 735 467 814 lippitudini
486 737 640 815 incipienti
660 737 805 818 medetur,
829 740 853 798 si
877 745 976 798 tamen
999 738 1164 799 remedium

149 844 164 884 a
189 833 271 886 casto
295 824 414 885 bomine
438 825 496 885 liat.
538 825 580 885 lle
604 844 693 886 manu
717 828 846 887 sinistra·
860 845 992 888 muscam
1017 829 1116 906 capies
1135 835 1164 888 et
1183 837 1217 887 aa

149 913 221 974 dum
240 915 339 994 capies
358 913 457 974 dicere
478 913 600 974 debebis
613 933 722 975 nomen
736 917 809 998 ciue,
828 917 877 976 cui
891 915 1057 976 remedium
1072 915 1162 976 lactu·

148 1021 202 1064 rus
226 1021 266 1083 es,
290 1011 319 1063 te
339 1003 541 1066 adcurandos
561 1003 662 1064 oculos
682 1006 748 1064 eius
765 1022 899 1065 muscam
917 1005 1078 1086 prendere3
1101 1013 1164 1066 tum

107 1112 135 1152 ιο
149 1094 243 1152 vivam
277 1109 340 1151 eam
371 1090 476 1171 ligabis
503 1094 534 1152 in
563 1092 653 1152 linteo
685 1099 714 1153 et
742 1094 906 1172 suspendes
934 1093 1009 1154 collo
1037 1093 1164 1154 dolentis

149 1199 205 1242 nec
225 1188 305 1240 retro
326 1181 477 1260 respicies.
508 1181 550 1242 Ad
571 1181 730 1261 epiphoras
748 1182 903 1243 oculorum
920 1182 1064 1243 sedandas
1083 1181 1164 1242 lima·
1184 1194 1217 1242 oa

149 1289 200 1332 ces
229 1269 389 1348 conplures
416 1277 480 1330 tere
509 1272 539 1330 in
568 1273 710 1332 mortario
738 1289 813 1332 novo
842 1271 888 1332 vel
911 1272 1004 1334 nitido
1029 1282 1058 1333 et
1081 1271 1164 1332 adice

147 1359 191 1420 ibi
214 1377 301 1419 ovum
321 1359 513 1438 gallinaceum
537 1361 688 1421 incoctum
712 1369 742 1421 et
765 1362 867 1440 tingue
890 1360 950 1422 illie
972 1361 1068 1421 lanam
1088 1362 1164 1421 suci·

150 1449 216 1509 dam
240 1457 270 1509 et
293 1449 384 1509 lronti
408 1451 525 1528 inpone.
563 1449 606 1510 Ad
630 1449 788 1530 epiphoras
812 1449 966 1512 oculorum
989 1450 1101 1530 pultem
1125 1449 1165 1510 la·
1183 1459 1218 1509 ot

108 1557 136 1598 rs
151 1537 265 1599 baciam
289 1539 352 1598 sine
377 1537 450 1619 sale,
479 1540 543 1598 sine
566 1537 626 1599 ullo
650 1548 754 1619 uncto,
777 1539 906 1618 tepidam
930 1539 1049 1600 linteolo
1073 1537 1165 1599 inline

152 1636 182 1688 et
210 1626 305 1687 oculis
334 1626 369 1687 de
398 1636 485 1688 noete
513 1629 635 1708 inpone,
663 1630 702 1688 ita
731 1637 764 1688 ut
791 1645 850 1687 non
880 1627 995 1706 alliges,
1023 1629 1164 1688 continuo

150 1717 250 1776 fervor
272 1716 394 1777 recedit.
429 1715 468 1776 Ut
487 1719 606 1777 omnino
626 1733 685 1776 non
704 1714 818 1798 lippias,
838 1734 906 1777 cum
926 1715 1040 1776 stellam
1059 1715 1165 1776 cadere
1184 1723 1217 1774 oo

151 1805 198 1865 vel
217 1813 422 1866 transcurrere
441 1805 559 1887 videris,
578 1823 702 1866 numera
722 1813 751 1865 et
768 1803 905 1866 celeriter
919 1821 1052 1884 numera,
1071 1803 1165 1865 donec

152 1913 183 1955 se
206 1895 326 1976 condat3
350 1901 394 1954 tot
413 1896 491 1956 enim
520 1896 613 1974 anniS,
638 1901 710 1973 quot
734 1895 945 1975 numeraveris,
969 1911 1027 1953 non
1051 1892 1165 1972 lippies

109 2003 136 2043 no
150 1983 194 2043 dd
219 1982 427 2063 lippitudinem
450 1986 528 2045 inter
551 1985 698 2062 principia
718 1982 875 2043 sedandam
899 1984 930 2042 in
953 1981 1085 2042 chartam
1109 1983 1165 2042 vir·
1185 1991 1218 2042 aa

149 2075 249 2152 ginem
269 2071 365 2133 scribe
385 2074 494 2153 ουβαικ
513 2081 543 2132 et
562 2071 638 2153 licio,
659 2071 737 2151 quod
756 2073 787 2131 in
812 2070 869 2132 tela
891 2070 990 2151 luerit,
1013 2069 1088 2130 collo
1112 2069 1165 2148 lip-

148 2163 259 2242 pientis
283 2163 411 2222 innecte.
454 2160 602 2240 Incipiens
625 2160 771 2241 lippitudo
794 2160 918 2220 mirifice
943 2169 973 2220 et
997 2160 1060 2219 sine
1085 2157 1168 2219 dubi·
1183 2167 1217 2220 5'1

149 2251 262 2310 tatione
298 2249 476 2329 depelletur,
509 2252 534 2310 si
561 2251 592 2310 in
620 2250 722 2311 charta
751 2251 864 2328 virgine
893 2248 1005 2309 scribas
1034 2257 1063 2308 et
1091 2245 1166 2308 collo

151 2338 280 2399 dolentis
307 2339 374 2400 licio
404 2338 580 2417 suspendas:
613 2361 791 2418 φυρφαραν,
825 2345 855 2398 et
882 2337 938 2398 hoe
967 2336 1167 2417 praeligamen

109 2447 135 2487 ss
151 2445 246 2507 purus
274 2436 374 2488 castus
403 2427 501 2488 facias.
547 2425 610 2487 lloc
636 2429 723 2488 etiam
748 2426 912 2488 remedium
935 2426 1100 2488 indubitate
1124 2427 1166 2485 in·
1186 2433 1221 2484 os

150 2526 239 2597 petus
254 2515 418 2597 oculorum,
434 2519 460 2577 si
473 2519 653 2596 praevenias
668 2515 847 2596 prohibebit,
862 2517 1005 2594 scriptum
1020 2517 1052 2575 in
1066 2514 1168 2575 charta

152 2607 279 2684 virgine:
304 2607 413 2686 ρουβρς
435 2627 591 2686 ρνοπειρας
614 2600 711 2684 ἠέλιος
734 2599 767 2678 ὃς
789 2599 872 2666 πάντ’
893 2603 988 2688 ἐφορᾷ
1011 2601 1061 2664 καὶ
1083 2597 1165 2662 πάντ’

151 2691 306 2772 ἐπακούει,
334 2694 411 2773 quod
441 2694 477 2754 ad
506 2693 614 2754 collum
643 2693 770 2755 dolentis
798 2692 866 2754 licio
896 2692 1038 2771 suspendi
1066 2690 1169 2771 dehet;

151 2782 204 2843 sed
234 2792 264 2844 et
294 2791 428 2862 coeptam
458 2794 546 2862 atque
570 2785 762 2845 inveteratam
786 2782 993 2861 lippitudinem
1018 2781 1115 2860 sedat,
1143 2781 1169 2839 si

24 2941 25 2944 Ἴ
111 2874 181 2932 eoin
221 2871 355 2932 iaciendo
393 2889 426 2932 ac
464 2872 653 2952 suscipiendo
685 2871 895 2951 praeligamine
928 2872 1099 2931 castimonia
1133 2866 1168 2928 ab

151 2968 280 3040 utroque
309 2969 453 3022 servetur.
499 2959 533 3021 ln
566 2961 679 3022 lamella
714 2977 803 3021 aurea
832 2978 887 3021 acu
915 2977 1023 3038 cuprea
1055 2956 1168 3018 scribes
1188 2966 1224 3016 59

151 3072 232 3130 opum
261 3050 382 3130 ουρωδη
412 3058 442 3110 et
470 3049 554 3110 dahis
582 3050 627 3110 vel
656 3049 821 3128 suspendes
849 3067 885 3108 ex
912 3047 979 3108 licio
1013 3047 1088 3108 collo
1121 3065 1169 3125 ge-

152 3138 290 3198 standum
315 3138 513 3218 praeligamen
538 3141 565 3198 ei
589 3141 640 3217 qui
664 3139 777 3219 lippiet,
801 3137 879 3218 quod
903 3143 1042 3216 potenter
1065 3143 1095 3196 et
1118 3135 1170 3194 diu

151 3225 270 3308 valebit,
289 3229 315 3287 si
334 3227 488 3287 observata
507 3229 641 3288 castitate
662 3228 709 3288 die
725 3227 812 3288 lunae
832 3225 903 3286 illud
920 3226 1009 3286 iacias
1023 3231 1053 3284 et
1068 3241 1169 3302 ponas.

224 3362 422 3417 tremedium.
496 3367 689 3432 beuspensos.
759 3361 924 3416 tmulcam.
999 3366 1030 3411 11
1050 3355 1167 3410 limioes.

151 3440 186 3488 20
206 3432 385 3503 lipitudinem
477 3433 584 3502 charta,
602 3435 649 3488 sed
666 3433 812 3503 virginem.
905 3436 939 3484 24
959 3427 1168 3498 praelegamen.

153 3509 187 3558 25
208 3508 293 3560 casto.
367 3511 400 3559 27
422 3504 520 3574 Odyss.
539 3503 586 3573 XI,
608 3509 666 3559 109.
