2564 3794
477 149 718 214 -149-

91 309 197 370 laseris
220 327 311 389 grana
333 309 387 390 lll,
410 313 556 374 satureiae
584 311 739 392 pusillum,
766 311 817 374 alii
844 314 941 392 spicas
964 313 1102 376 undecim

90 407 172 460 teres
195 405 226 459 et
249 398 404 460 calefacies
426 399 575 460 llammula
597 402 683 462 tenui
705 410 793 480 atque
817 401 885 462 inde
909 402 1019 464 collum
1037 405 1102 464 eius

91 495 122 547 et
144 487 245 548 fauces
268 487 495 566 diligentissime
518 489 704 570 perlricabis,
727 492 780 568 qui
803 490 839 550 de
859 490 969 552 tolibus
989 491 1102 554 labora·

90 575 143 636 bit.
184 576 359 638 Remedium
386 577 470 638 valde
498 586 614 638 certum
642 586 673 639 et
696 577 768 640 utile
796 579 926 642 saucium
950 579 1101 642 doloribus
1120 589 1155 654 89

62 667 143 725 esic.
190 664 310 726 Scribes
333 667 364 726 in
387 666 488 728 charta
511 665 600 728 haec:

272 791 370 860 Εἶδον
388 803 506 878 τριμερῆ
524 798 649 879 χρύσεον
670 794 827 864 Τοάναδον

273 885 334 947 Καὶ
351 883 550 968 ταρταρούχου
570 884 593 968 †
611 906 729 968 χακεσιν
749 886 958 969 Τουσᾶναδον,

272 971 381 1038 Σῶσόν
399 997 433 1055 με
452 973 538 1054 σεμνὲ
556 975 698 1058 νερτέρων
716 971 863 1059 ὑπέρτατε.

91 1125 179 1187 quam
203 1107 335 1169 chartam
358 1110 389 1170 in
412 1108 568 1188 phoenicio
591 1109 759 1172 obvolutam
782 1111 843 1172 lino
862 1111 1023 1192 conligabis
1043 1111 1102 1174 col·

48 1197 179 1276 1010th
203 1197 367 1276 suspendes
390 1199 630 1279 meminerisque,
654 1206 688 1260 ut
710 1200 840 1261 mundus
863 1200 936 1260 haec
959 1201 1049 1262 lacias
1072 1209 1102 1262 et

89 1304 128 1346 ne
151 1287 241 1346 tertia
263 1303 352 1347 mann
375 1288 523 1366 scriptura
546 1295 692 1366 tangatur.

180 1373 291 1435 Gallam
314 1382 432 1436 tunsam
456 1383 486 1435 et
508 1375 668 1436 cribratam
691 1384 779 1455 atquc
803 1376 920 1439 alumen
939 1386 1101 1457 utrumqne
1120 1387 1155 1437 90

91 1465 194 1542 aequis
217 1463 406 1542 portionibus
429 1481 529 1526 sumes
552 1474 581 1525 et
604 1467 688 1543 prius
711 1468 742 1526 in
766 1465 853 1526 ollam
876 1483 981 1528 novam
1002 1469 1101 1528 mittes

90 1560 121 1611 et
144 1551 202 1612 mel
225 1552 337 1612 bonum
360 1559 449 1631 atque
473 1560 589 1615 acetum
608 1555 753 1632 optimum
777 1554 887 1616 adicies
906 1562 937 1616 et
956 1557 987 1614 in
1006 1573 1101 1616 unum

48 1657 75 1697 15
90 1640 240 1719 decoqnes
268 1650 356 1720 atque
383 1640 453 1702 inde
481 1642 593 1702 crificia
620 1644 790 1720 geusiarum
818 1650 849 1703 et
872 1643 972 1704 lauces
995 1644 1101 1702 intrin-

90 1747 178 1790 secus
197 1729 381 1808 pertrieabis.
418 1728 611 1810 vettonicam,
634 1732 835 1812 argimoniam,
858 1731 1025 1811 verbenam,
1051 1749 1100 1792 ru·
1119 1740 1154 1790 91

89 1817 176 1898 bum,
199 1819 400 1898 senecionem,
422 1825 566 1899 mentam,
589 1818 773 1880 cucurbitam
797 1821 920 1899 siccam,
948 1819 1018 1880 hinc
1042 1837 1101 1882 am-

89 1905 168 1985 plius
192 1907 292 1968 mittes
311 1905 415 1968 sardae
434 1915 523 1986 caput
542 1914 681 1988 assatum,
705 1909 817 1986 piperis
837 1908 997 1986 modicum,
1020 1915 1101 1968 teres

89 1994 164 2059 haec
192 1997 289 2056 omnia
317 1994 475 2074 diligenter
502 2009 533 2056 et
559 1995 699 2056 miscebis
727 1988 762 2056 ρι’
781 1998 825 2056 sic
849 1998 937 2057 etiam
960 2014 1014 2074 per
1036 1997 1100 2076 pin·

48 2083 190 2144 sonulam
214 2082 368 2144 delicatam
391 2083 527 2146 faucibus
550 2086 679 2165 inseres;
702 2086 778 2146 mire
801 2085 858 2146 lrcc
880 2084 1013 2146 remedio
1036 2102 1100 2144 car·

90 2171 254 2234 bunculum
278 2180 309 2232 et
331 2172 476 2252 quidquid
496 2173 564 2234 mali
582 2175 661 2234 intra
679 2173 780 2234 lauces
799 2175 857 2235 crit
875 2172 1002 2236 curabis.
1035 2172 1101 2234 Olei
1119 2181 1154 2232 92

90 2259 160 2320 boni
179 2260 318 2340 cyathum
337 2279 429 2322 unum
449 2271 479 2322 et
498 2264 635 2324 sucinum
650 2280 753 2322 rerum
769 2264 801 2322 in
815 2261 902 2322 ollam
916 2280 1021 2324 novam
1035 2264 1101 2324 mit·

90 2358 137 2409 tes
164 2356 254 2428 atque
282 2349 318 2410 ad
342 2349 454 2411 medias
478 2349 640 2431 decoquas,
670 2350 777 2411 deinde
801 2353 939 2412 sucinum
962 2350 1049 2412 tolles
1072 2361 1102 2412 et

58 2461 59 2466 ¹
91 2437 250 2498 combures
273 2445 304 2498 et
327 2446 406 2499 teres
425 2446 455 2500 et
472 2439 625 2518 pulverem
644 2441 708 2500 eius
726 2442 758 2500 in
777 2440 875 2500 oleum
899 2458 988 2518 supra
1008 2442 1101 2518 scrip·

0 2528 1 2537 ’
47 2540 75 2582 as
90 2534 154 2587 tum
182 2527 284 2588 mittes
314 2534 345 2587 et
376 2545 434 2588 una
466 2529 576 2588 iterum
608 2527 766 2606 diligenter
797 2536 878 2590 teres
910 2537 999 2607 atque
1031 2529 1100 2592 inde

89 2613 210 2694 tolibus,
234 2617 372 2694 quotiens
395 2633 471 2696 opus
490 2617 589 2697 luerit,
610 2616 755 2698 adpones3
778 2618 942 2696 experieris
961 2631 1101 2696 magnum

89 2703 264 2766 remedium.

179 2791 223 2854 Aa
242 2793 391 2872 parotidas
410 2795 549 2856 convenit
565 2804 691 2856 noctuae
706 2793 886 2856 cerebellum
901 2792 1008 2874 butyro
1027 2795 1100 2854 mix·
1120 2801 1156 2851 93

89 2887 154 2941 tum
173 2880 294 2961 adponi3
313 2881 436 2943 discutit
454 2884 533 2943 enim
552 2883 615 2944 lere
634 2901 684 2944 eas
703 2885 767 2944 sine
787 2882 888 2944 dolore
910 2891 939 2944 ct
957 2881 1100 2944 molestia.

47 2983 75 3021 ³⁰
91 2967 217 3048 Oportet
244 2976 344 3031 autem
373 2988 448 3050 aqua
471 2972 585 3032 marina
608 2972 735 3032 ferventi
762 2974 846 3032 novis
879 2971 1009 3051 slongcis
1040 2970 1102 3032 illic

90 3057 235 3118 demersis
259 3066 290 3118 et
312 3058 404 3120 linteo
427 3059 473 3120 vel
497 3059 606 3120 sabano
633 3062 745 3122 intorto
773 3061 923 3139 utrimque
952 3061 1102 3140 expressis

90 3163 232 3225 vaporare
251 3163 301 3207 cas
318 3154 407 3226 atque
421 3149 461 3208 ita
476 3147 602 3210 oblinire
617 3148 673 3209 hoc
688 3149 936 3210 medicamentum
951 3166 1102 3227 superque

161 3297 454 3369 6τριμερυχροισὲον.
531 3302 595 3368 fort.
616 3301 756 3357 Θάνατον.
835 3301 1103 3360 Ιτουσαναὸοντες.

89 3367 277 3423 sessove
253 3370 421 3426 Ooroorc'oc:
448 3388 525 3426 coco.
638 3371 1007 3453 σεμνερνερτερονυτερβατε
1031 3369 1104 3438 (sic).

91 3437 255 3496 9foenicio.
352 3447 385 3498 16
403 3440 573 3496 salonicam.
665 3449 698 3496 16
717 3441 894 3497 senioionem.
985 3446 1020 3496 20
1038 3439 1102 3494 dili-

87 3513 194 3577 gatam.
267 3518 302 3567 80
321 3528 423 3581 aquam
441 3511 587 3568 marinam.
660 3514 768 3568 fervent
769 3512 792 3583 i]
813 3510 959 3579 frequenti.
