2540 3802
537 112 775 176 -244-

144 275 284 335 iocineris
307 281 338 334 et
360 273 605 352 praecordiorum
629 273 772 334 duritiam
796 282 825 333 et
848 273 885 334 ad
904 273 1037 333 dolorem
1056 292 1166 336 corum
1265 277 1266 300 ³

96 433 106 450 ι
143 382 213 423 vere
242 363 395 442 convenit3
422 361 558 441 proderit
587 363 676 422 etiam
704 363 786 422 omni
815 361 879 422 loeo
911 361 1024 422 dolenti
1051 365 1166 442 inposi-

144 460 217 532 tum,
236 451 395 512 conficitur
413 452 470 511 sic:
489 449 607 531 Gyperi,
626 452 826 511 ammoniacae
844 457 954 530 guttae,
973 449 1167 532 cardamomi‚

144 539 283 620 bidellae,
311 541 402 619 turis,
429 541 545 600 resinae
574 538 807 618 terebinthinae,
839 538 1025 617 singulorum
1058 543 1166 601 uncias

145 629 243 710 binas3
267 636 316 689 tus
339 638 369 689 et
392 627 500 688 bidella
523 635 714 688 macerantur
736 627 832 707 pridie
855 629 953 688 inlusa
972 629 1034 688 vini
1052 632 1195 690 veteriss

145 719 283 798 sextario,
311 725 412 777 cetera
440 716 680 796 contunduntur;
709 715 817 777 deinde
844 734 931 776 cerae
954 715 986 776 P.
1009 716 1023 775 l
1051 726 1082 776 et
1105 717 1167 778 olei

145 808 262 886 cyprini
281 801 340 866 sl
362 823 430 866 cum
450 804 653 866 terebinthina
672 805 829 884 liquefiunt
847 805 1017 883 ceterisque
1036 807 1165 866 miscen-

147 903 195 956 tur
222 903 253 956 et
282 895 334 955 diu
363 892 500 955 manibus
523 893 717 974 subiguntur3
745 893 865 972 quidam
888 893 1021 954 adiciunt
1044 912 1164 974 myrrae

148 1017 186 1027 -
207 983 229 1064 1,
252 985 334 1044 croci
359 982 441 1064 -Ι,
464 985 594 1044 cinnami
616 982 703 1043 -l.

110 1086 126 1134 3
235 1071 407 1150 Conpositio
428 1071 502 1133 haec
521 1073 646 1132 mirifica
665 1090 725 1132 non
745 1069 840 1131 solum
859 1069 970 1149 lateris,
994 1089 1098 1130 verum
1117 1074 1210 1132 in-1o
1267 1093 1268 1098 ¹

146 1171 336 1222 teraneorum
365 1159 483 1221 dolores
511 1162 631 1220 minuit:
668 1159 784 1220 llerbae
812 1160 966 1236 gentianae
995 1157 1077 1238 drag.
1098 1159 1164 1238 XX,

146 1251 200 1308 iris
219 1247 353 1326 illyricae
372 1247 453 1326 drag.
472 1247 556 1325 XLV,
574 1265 691 1326 myrrae
709 1244 788 1326 drag.
807 1247 843 1327 X,
866 1249 979 1326 piperis
999 1246 1078 1326 drag.
1098 1247 1164 1310 llll.

148 1337 314 1415 Separatim
337 1338 434 1395 omnia
458 1338 488 1396 in
512 1335 665 1414 pulverem
686 1335 806 1396 redacta
824 1338 948 1397 misceto
968 1343 1058 1415 atque
1077 1337 1163 1398 adice

146 1425 194 1484 his
223 1423 318 1484 mellis
347 1426 451 1503 optimi
482 1423 649 1504 despumati
678 1424 756 1502 quod
787 1427 859 1486 satis
887 1423 1037 1486 videbitur
1067 1434 1098 1486 et
1125 1426 1163 1486 ad

148 1513 381 1593 magnitudinem
410 1515 495 1573 nucis
523 1511 671 1573 avellanae
699 1531 766 1573 cum
795 1531 888 1592 aquae
912 1513 1023 1574 calidae
1047 1513 1164 1594 cyathis
1180 1531 1206 1572 15

148 1602 246 1664 tribus
269 1603 353 1681 potui
377 1601 453 1662 dato.

112 1701 130 1750 4
238 1690 345 1768 Herba,
369 1708 444 1768 quae
468 1693 521 1751 iris
540 1690 715 1769 appellatur,
738 1693 864 1751 maxime
884 1694 909 1752 si
929 1690 1075 1751 silvestris
1095 1694 1164 1771 erit,

113 1790 129 1839 5
148 1779 268 1858 inligata
287 1779 374 1838 lateri
387 1778 520 1840 dolorem
535 1781 600 1840 eius
614 1782 752 1858 protinus
767 1779 852 1840 tollit.
885 1778 1001 1839 Herbae
1016 1779 1166 1842 verbenae

149 1867 286 1928 solistitio
302 1865 442 1928 collectae
457 1869 602 1929 arefactae
622 1876 652 1928 et
666 1876 807 1928 contusae
827 1867 923 1947 pulvis
937 1870 968 1928 in
986 1868 1167 1931 cocliaribus

150 1957 282 2034 quinque
312 1955 435 2016 robusto
464 1965 495 2017 et
517 1956 612 2016 valido
637 1975 672 2016 ex
695 1958 754 2016 vini
778 1957 894 2016 Aminei
917 1959 1028 2016 veteris
1051 1958 1168 2036 cyathis
1183 1975 1209 2015 ao

148 2043 257 2123 tribus,
281 2043 463 2105 febricitanti
486 2064 522 2104 ex
546 2063 621 2123 aqua
645 2044 738 2105 calida
762 2047 847 2123 potui
865 2043 953 2105 datus
975 2047 1050 2105 mire
1069 2045 1170 2108 dolori

112 2132 249 2198 alateris
272 2132 418 2193 medetur.
459 2131 576 2193 Herbae
603 2135 758 2211 gentianae
782 2141 813 2193 et
836 2135 976 2212 sagapeni
998 2132 1081 2212 drag.
1106 2137 1168 2196 sin-

147 2221 233 2300 gulae
257 2223 402 2282 contritae
428 2229 458 2281 et
481 2239 550 2282 cum
573 2239 666 2300 aquae
690 2221 801 2282 calidae
825 2221 939 2301 cyathis
965 2222 1062 2283 tribus
1081 2228 1169 2301 potui

147 2309 231 2370 datae
255 2309 388 2370 dolorem
411 2310 512 2371 lateris
536 2310 649 2389 sedant,
673 2312 698 2370 si
721 2312 752 2370 in
775 2309 863 2390 latus,
890 2310 970 2390 quod
989 2310 1078 2391 dolet,
1097 2323 1169 2390 post

147 2400 331 2458 curationem
354 2400 489 2460 infirmus
513 2398 565 2459 diu
589 2400 723 2460 iacuerit.
1182 2419 1212 2459 as

112 2499 128 2548 ἰ
237 2486 270 2546 ln
289 2486 385 2565 lapide
405 2487 517 2566 iaspide
532 2486 658 2567 Phrygia
678 2489 811 2549 aericusa
830 2489 855 2547 si
877 2493 947 2547 nota
962 2487 1038 2547 inira
1053 2489 1166 2566 scripta

147 2573 295 2654 insculpta
315 2575 415 2655 luerit,
433 2575 463 2635 id
479 2584 524 2636 est
539 2591 588 2649 53
598 2593 622 2652 3·
637 2585 667 2636 et
681 2575 756 2636 collo
777 2575 905 2636 dolentis
918 2573 996 2636 latus
1011 2575 1101 2637 fuerit
1116 2595 1166 2637 su·

113 2675 129 2724 8
149 2681 285 2743 sponsus,
300 2666 374 2724 mire
388 2664 531 2742 proderit.
556 2663 673 2725 llerbae
684 2667 848 2725 vettonicae
864 2663 1002 2725 loliorum
1018 2664 1166 2726 inumbra

148 2751 293 2812 arelactae
313 2761 417 2812 tunsae
437 2752 643 2830 cribrataeque
660 2746 699 2839 2·
714 2752 741 2812 ll
755 2772 791 2814 ex
805 2755 865 2812 vini
880 2761 931 2812 aut
945 2752 1035 2813 mulsi
1049 2753 1165 2832 cyathis

149 2840 265 2901 duobus
284 2842 370 2918 potui
389 2859 470 2922 sano,
489 2840 686 2902 febriculento
705 2860 741 2902 ex
759 2860 834 2920 aqua
848 2841 943 2901 mulsa
958 2842 1074 2920 dantur,
1093 2859 1164 2902 con·
1180 2860 1210 2900 eo

113 2942 129 2990 9
149 2929 248 2988 lestim
269 2928 401 2988 dolorem
416 2928 517 2989 lateris
537 2930 703 2990 emendant.
741 2930 814 3008 hpri
832 2939 949 2990 stercus
964 2930 1079 2991 aridum
1094 2949 1164 2991 con-

151 3019 255 3078 tritum
268 3025 298 3077 et
308 3019 422 3096 potioni
432 3019 601 3097 inspersum
611 3018 728 3079 dolores
738 3017 839 3079 lateris
849 3021 1014 3078 sanatmira
1022 3021 1164 3097 potentia.

98 3118 132 3167 10
240 3105 363 3166 Cocleae
383 3113 535 3184 exemptae
554 3113 630 3167 testa
650 3125 703 3167 sua
723 3114 752 3167 et
767 3125 833 3167 cum
849 3109 964 3184 ptisana
977 3116 1079 3168 coctae
1093 3107 1163 3168 late·

147 3197 188 3254 ris
212 3194 365 3256 doloribus
389 3195 555 3276 medentur,
577 3195 693 3276 melius,
714 3197 740 3256 si
759 3213 893 3256 umorem
913 3198 1045 3274 ptisanae
1066 3198 1163 3274 ipsius

237 3407 254 3454 4
272 3400 468 3469 terebinbinae‚
487 3402 550 3456 item
569 3407 593 3457 l.
660 3407 692 3456 12
711 3399 821 3455 mitrae.
889 3405 924 3454 20
942 3399 1066 3472 Aminei]
1087 3417 1162 3456 com·

148 3469 242 3524 minei.
280 3477 313 3526 21
333 3471 519 3528 febricitante.
593 3477 628 3528 26
647 3471 732 3543 frigio
752 3469 859 3525 erizisa.
