2528 3814
532 129 770 196 -298-

89 313 123 362 38
143 310 233 372 super
256 290 430 352 umbilicum
454 291 616 352 laborantis
639 292 762 372 adpone.
799 291 891 353 Bacas
909 293 986 354 lauri
1004 301 1066 354 tres
1086 312 1157 354 cum

141 379 251 442 herbae
275 381 377 440 vincae
402 379 579 441 cocliaribus
603 380 700 442 tribus
723 383 836 460 pariter
854 381 1020 442 contundes
1044 391 1075 442 et
1093 382 1155 443 adi-

142 472 203 532 cies
226 471 288 530 vini
310 468 399 529 calidi
422 469 535 548 cyathis
558 467 655 529 tribus
679 479 709 530 et
732 469 862 530 colatum
884 469 1047 531 bibendum
1071 470 1156 531 dabis

89 578 122 627 39
142 561 184 638 ei,
212 560 264 636 qui
286 559 399 618 ventris
422 556 524 618 dolore
549 556 711 619 vexabitur.
753 557 887 637 Corrigia
910 561 1014 619 canina
1037 559 1155 620 medius

142 650 278 726 cingatur
301 649 353 724 qui
376 645 488 708 dolebit
511 654 653 727 ventrem,
677 649 776 707 statim
798 646 1020 708 remediahitur.
1169 667 1183 708 a

88 755 123 803 40
231 735 338 796 Contra
367 737 480 796 ventris
507 734 640 795 dolorem
671 737 852 814 argimoniae
885 735 996 796 herbae
1024 735 1155 796 radicem
1256 757 1257 820 t

142 825 208 903 palo
231 824 328 903 ligneo
349 823 468 886 ellodito
487 841 612 902 eamque
631 825 732 884 tritam
751 843 787 884 ex
806 842 881 903 aqua
900 823 1058 884 bibendam
1077 825 1155 884 dato.
1256 821 1257 850 ³

88 932 121 980 41
141 913 295 993 Lychnum
319 912 471 972 ardentem
495 911 636 972 umbilico
659 930 828 992 superpone
852 920 882 973 et
900 912 1030 992 desuper
1049 931 1155 974 cucur·

141 1003 233 1062 bitam
251 1001 456 1062 medicinalem
475 1009 526 1061 aut
545 1001 666 1062 calicem
686 1001 855 1082 oblongum,
874 1003 900 1061 si
919 1001 1076 1062 cucurbita
1094 1020 1155 1064 nou
1256 1005 1257 1012 ³

142 1092 240 1168 luerit,
264 1091 418 1150 admoveto
442 1098 472 1150 et
489 1089 641 1168 paulisper
660 1093 821 1170 continete,
844 1089 1001 1150 confestim
1021 1089 1155 1150 dolorem
1169 1111 1195 1150 1o

88 1197 122 1246 42
141 1179 253 1238 ventris
272 1186 397 1238 avertes.
429 1176 565 1238 Puleium
585 1179 861 1240 commanducatum
880 1185 910 1238 et
929 1178 964 1239 ad
980 1178 1155 1239 umbilicum

140 1267 269 1344 positum
299 1272 388 1343 atque
416 1264 475 1326 illio
502 1265 664 1346 alligatum,
692 1285 730 1326 ne
754 1266 852 1347 cadat,
880 1266 1013 1328 dolorem
1036 1285 1156 1328 omnem

88 1373 122 1420 43
141 1355 253 1413 ventris
282 1355 433 1414 continuo¹
452 1352 583 1414 discutit.
624 1353 732 1414 huethi
761 1357 882 1416 seminis
907 1355 1061 1434 paululum
1085 1375 1154 1416 con·

88 1461 122 1508 44
142 1443 246 1502 tritum
270 1459 306 1502 ex
330 1459 406 1520 aqua
428 1449 533 1520 potum
555 1445 690 1504 internos
708 1446 821 1503 ventris
840 1444 924 1505 sedat
942 1444 1068 1504 dolores,
1103 1443 1154 1504 Ni-

141 1533 322 1592 trumaceti
344 1529 458 1610 cyathis
481 1530 598 1592 duobus
621 1530 813 1610 liquefactum
839 1541 870 1594 et
892 1539 996 1611 potum
1020 1532 1154 1594 dolorem
1167 1551 1194 1592 15

140 1622 352 1680 intestinorum
375 1627 513 1699 potenter
536 1621 650 1681 avertit.

87 1726 121 1774 45
230 1708 375 1780 Quotiens
394 1708 478 1768 dolor
497 1716 527 1769 et
545 1710 709 1770 contractio
724 1710 935 1770 intestinorum
949 1711 1063 1770 ventris
1078 1712 1155 1770 orie-

140 1805 203 1878 tur,
231 1797 451 1876 vespertilionis
475 1800 617 1877 sanguine
641 1805 745 1858 ventre
768 1816 858 1858 manu
880 1799 1040 1876 perfricato
1064 1798 1156 1859 etad

87 1902 121 1952 41
140 1903 282 1964 praesens
306 1885 464 1946 subvenies
488 1893 519 1946 et
541 1889 574 1946 11
592 1893 687 1946 totum
707 1903 817 1946 annum
837 1885 1002 1947 medebere.
1037 1886 1155 1966 Piperis

141 1991 231 2051 grana
254 1973 362 2034 LXXX
390 1976 518 2054 contrita
546 1983 576 2035 et
604 1993 639 2034 ex
665 1993 741 2052 aqua
763 1983 833 2052 pota
855 1977 930 2034 mire
953 1974 1063 2036 tollunt
1085 1994 1154 2036 ven·
1169 1995 1198 2034 10

87 2065 196 2124 411111
225 2063 365 2124 dolorem.
413 2062 446 2123 Si
473 2064 523 2123 cui
549 2065 581 2122 11
608 2065 654 2122 111
682 2069 733 2122 aut
760 2064 791 2123 in
818 2063 883 2123 loco
911 2061 1010 2142 aliquo
1040 2063 1156 2125 difficili

141 2151 259 2214 subitus
288 2151 372 2212 dolor
400 2153 513 2211 ventris
541 2159 592 2211 aut
619 2153 829 2212 intestinorum
858 2151 961 2232 luerit,
994 2152 1066 2213 lotio
1099 2171 1154 2214 suo

87 2253 121 2302 48
141 2240 296 2318 degustato
320 2241 461 2300 continuo
481 2238 640 2300 sanabitur.
674 2238 705 2300 Si
725 2241 791 2318 quis
810 2239 902 2300 talum
920 2239 1032 2318 leporis
1051 2259 1155 2302 secum

140 2327 291 2408 habuerit,
319 2330 451 2388 inmunis
474 2347 490 2387 a
514 2326 615 2388 dolore
638 2329 749 2388 ventris
773 2335 804 2388 et
826 2328 959 2407 periculo
982 2329 1156 2390 huiusmodi

65 2445 72 2457 ·
140 2423 285 2494 perpetuo
309 2415 503 2494 permanebit.
1168 2435 1196 2475 ca

87 2519 122 2568 49
229 2504 273 2563 Ad
297 2505 437 2565 intestina
457 2512 543 2583 rupta
562 2503 730 2582 leporinum
750 2511 866 2564 stercus
886 2513 974 2584 atque
993 2508 1082 2566 etiam
1099 2506 1155 2586 pili

141 2591 276 2652 vellana
299 2594 364 2653 eius
387 2593 423 2653 de
446 2592 622 2653 subventrili
644 2611 711 2653 oum
737 2592 822 2653 melle
842 2593 963 2655 decocta
987 2593 1023 2654 ad
1042 2597 1154 2674 magni·

141 2680 274 2741 tudinem
298 2680 381 2741 labae
404 2681 568 2759 gluttienda
596 2681 770 2760 frequenter
798 2681 865 2742 data
893 2685 1026 2761 quamvis
1053 2685 1153 2762 perni-

141 2771 221 2829 ciose
240 2770 337 2847 ruptis
355 2771 505 2830 intestinis
524 2769 662 2830 celeriter
682 2768 827 2850 medetur,
847 2773 888 2831 ita
907 2779 941 2831 ut
959 2773 1049 2832 etiam
1067 2779 1152 2832 tenu-

140 2859 218 2931 iora,
252 2875 326 2936 quae
360 2857 473 2918 luerint
505 2858 653 2938 disrupta,
686 2857 825 2940 glutinet,
858 2859 910 2918 sed
940 2859 1063 2920 adsidue
1094 2860 1152 2922 hoc
1167 2879 1194 2919 eo

140 2944 335 3006 medicamine
359 2946 504 3024 utendum
527 2953 581 3025 est,
605 2946 699 3006 donec
722 2946 890 3026 periculum
912 2965 999 3008 omne
1022 2947 1153 3009 tollatur.

87 3029 166 3116 tol¹
206 3027 279 3094 ”ld
308 3033 424 3094 colum
452 3036 579 3095 mirum
607 3035 812 3096 remedium.
858 3035 929 3096 Colo
957 3045 987 3097 et
1014 3036 1154 3098 omnibus

140 3125 350 3184 intestinorum
379 3122 530 3184 doloribus
559 3130 589 3184 et
615 3131 676 3184 tam
703 3123 874 3184 hominibus
900 3143 989 3204 quam
1011 3127 1154 3187 iumentis

141 3232 176 3274 ex
199 3213 255 3274 hac
278 3230 311 3273 re
334 3211 538 3274 laborantibus
562 3213 765 3273 efficacissime
785 3211 923 3274 subvenit
940 3215 1003 3274 avis
1021 3213 1153 3296 galerita,

231 3348 397 3404 tbibenda.
463 3353 494 3402 11
514 3348 637 3420 poleium
655 3347 925 3404 commanducatum.
988 3353 1022 3402 18
1041 3365 1154 3419 vesper·

140 3417 268 3474 tillionis.
330 3425 363 3474 19
382 3419 502 3475 medere.
562 3425 595 3476 27
616 3417 819 3489 magnitudine.
874 3423 908 3472 32
928 3417 997 3474 0010
1016 3420 1046 3475 eb
1064 3419 1154 3475 omni·

140 3488 205 3559 bus]
224 3490 303 3545 Hice
320 3491 421 3560 incipit
438 3491 515 3560 opud
534 3490 698 3546 Oorcorium
716 3505 775 3559 cop.
794 3488 934 3544 XXVIIII.
