2540 3802
540 122 694 186 -200
743 157 781 166 -

153 289 243 348 minis
271 288 335 347 triti
359 278 459 371 2111
487 292 517 344 et
539 283 672 345 lactucae
695 283 777 344 albae
801 285 922 344 seminis
945 285 1010 344 triti
1033 284 1171 346 cocleare

98 389 134 438 46
153 393 261 456 unum;
283 375 355 435 haec
379 392 455 453 aqua
477 375 624 452 permixta
642 374 761 434 ieiunus
780 373 914 453 accipiat,
932 373 1065 451 prodest.
1104 373 1171 434 Sto-

153 463 291 524 machum
315 462 494 524 conroborat
516 461 609 522 herba
632 460 769 522 absenthi
792 461 914 521 decocta
938 480 1006 522 cum
1025 463 1094 522 vino
1118 481 1171 523 au·

154 561 235 613 staro
260 561 349 632 atque
372 554 413 612 ita
437 550 563 612 subinde
587 559 665 629 pota,
690 552 716 610 si
744 548 842 610 febres
869 568 930 609 non
957 558 1061 632 erunt,
1089 551 1171 628 quod

154 645 180 704 si
212 641 388 721 inquietudo
426 640 531 720 luerit,
568 658 636 699 evim
674 657 749 718 aqua
784 639 872 717 coqui
904 646 934 698 et
966 639 1030 699 dari
1063 639 1197 701 debetza

152 733 264 792 mirum
287 738 341 791 est.

98 832 133 881 47
242 819 287 879 dd
307 818 432 879 olitanos
456 816 601 878 stomachi
624 815 742 876 dolores
769 814 912 893 malagma
935 817 979 875 sic
1003 833 1171 894 conpones:

154 907 246 969 Faeni
269 909 369 987 graeci
389 905 535 987 cyathum,
559 905 612 965 lini
634 907 755 965 seminis
774 903 920 984 cyathum,
943 903 1030 964 ibisci
1049 908 1173 983 purgati

153 997 185 1058 P.
209 996 236 1077 Ι,
265 1015 358 1076 aquae
386 992 417 1055 8
442 994 532 1074 Vllll,
561 993 619 1054 olei
646 991 677 1054 ὁ*
700 992 768 1073 llll,
797 1010 918 1071 spumae
947 997 1062 1071 argenti
1090 993 1121 1054 P.
1149 994 1171 1073 l,

154 1103 295 1146 cerussae
314 1084 345 1144 P.
364 1083 386 1163 Ι,
410 1102 495 1144 cerae
519 1083 551 1142 P.
570 1081 583 1141 l
603 1082 631 1142 S.
669 1081 748 1142 Haec
767 1083 865 1142 omnia
883 1083 913 1141 in
932 1100 1025 1142 uuum
1045 1100 1214 1143 concor-10

154 1172 275 1252 porabis
300 1180 330 1232 et
348 1172 498 1250 decoques
517 1179 547 1230 et
566 1189 634 1230 cum
653 1170 795 1247 malagma
814 1172 930 1250 leceris,
953 1172 985 1230 in
1008 1188 1106 1249 panno
1126 1174 1172 1232 in-

155 1262 248 1321 duces
272 1269 303 1320 et
326 1259 477 1319 stomacho
499 1258 630 1335 adpones
650 1266 680 1318 et
698 1259 778 1317 cirea
797 1261 911 1319 viscera
930 1267 990 1318 tam
1010 1259 1062 1320 diu
1080 1259 1172 1320 habe-

154 1349 201 1410 bis
225 1355 339 1408 ettam
362 1346 484 1407 adsidue
508 1346 647 1426 adpones,
671 1345 765 1405 donec
789 1343 873 1406 dolor
896 1345 1044 1408 abscedat.

101 1449 137 1499 48
245 1435 290 1497 ld
305 1435 491 1497 stomachum
506 1434 705 1494 fastidientem
720 1452 818 1494 escam
831 1441 861 1493 et
870 1443 1072 1496 revomentem
1082 1455 1172 1498 rosae

155 1524 321 1607 dimidium,
341 1524 419 1603 qnod
440 1541 541 1584 semen
556 1530 664 1604 portat,
683 1523 713 1583 id
728 1530 774 1582 est
788 1525 886 1602 ipsum
901 1523 1005 1585 llorem
1020 1543 1172 1608 croceum,
1188 1541 1212 1582 rs

155 1615 322 1676 contundes
346 1621 376 1674 et
399 1612 536 1674 aluminis
556 1614 651 1692 scissi,
675 1613 784 1691 cyperi,
808 1610 942 1692 bidellae,
965 1613 1103 1674 absenthi
1122 1633 1172 1676 su·

156 1723 234 1784 eum,
256 1702 389 1782 meliloti,
408 1719 493 1762 rosae
512 1703 618 1782 siccae,
641 1702 766 1782 acaciae,
789 1702 842 1761 iris
861 1699 1003 1782 lllyricae,
1027 1702 1085 1762 olei
1104 1722 1172 1764 nar-

156 1793 232 1872 dini,
260 1809 359 1870 cerae,
387 1789 581 1870 opobalsami,
608 1808 696 1868 pares
723 1807 879 1850 mensuras
907 1789 1013 1850 harum
1037 1794 1171 1853 omnium

156 1881 325 1960 specierum
344 1887 481 1940 conteres
499 1881 531 1938 in
549 1880 691 1939 mortario
708 1896 874 1938 marmoreo
889 1897 922 1938 ae
937 1879 1090 1940 stomacho
1110 1884 1172 1959 epi-

155 1969 333 2030 thematium
351 1967 511 2028 mirificum
532 1985 717 2046 superpones
736 1967 772 2027 ad
791 1969 899 2047 ignem,
924 1974 957 2027 ut
980 1976 1026 2028 est
1044 1987 1172 2030 consue·
1187 1986 1214 2025 so

102 2069 136 2119 49
156 2058 238 2139 tudo,
262 2058 468 2136 compositum.
505 2055 738 2134 Epithematium
762 2058 906 2133 optimum
928 2055 964 2116 ad
984 2057 1173 2120 stomachum

156 2146 368 2226 reparandum:
396 2144 527 2204 Masticis
554 2177 591 2186 —
614 2143 663 2224 Vl,
687 2144 766 2204 aloes
792 2177 830 2186 -
851 2142 904 2224 lll,
928 2148 1053 2206 storacis
1073 2179 1115 2190 -
1135 2146 1173 2228 ll,

157 2254 243 2297 cerae
266 2234 297 2296 P.
316 2234 338 2314 l,
362 2233 448 2294 nardi
467 2265 510 2275 —
529 2231 574 2292 Vl.
607 2231 686 2292 Haec
710 2237 822 2311 pariter
845 2232 984 2293 miscebis
1008 2242 1039 2294 et
1057 2235 1172 2314 epithe-

156 2326 281 2384 matium
304 2321 413 2384 subtile
437 2322 537 2396 iacies,
561 2321 641 2400 quod
664 2319 765 2381 multis
784 2320 876 2400 horis,
900 2329 981 2382 certe
999 2322 1097 2383 hieme
1117 2341 1173 2402 per

156 2419 253 2473 totum
277 2411 364 2491 diem,
388 2413 432 2471 nti
454 2411 576 2488 poteris.
1188 2428 1219 2468 ae

104 2512 138 2562 oo
247 2499 291 2559 ld
311 2499 443 2559 dolorem
464 2497 608 2559 stomachi
626 2498 792 2558 vettonicae
815 2497 924 2558 radicis
946 2499 1119 2560 fasciculum
1139 2502 1172 2561 in

158 2589 213 2649 olla
238 2588 387 2666 decoques
410 2606 446 2648 ex
469 2605 546 2666 aqua
569 2585 752 2664 eandemque
781 2586 868 2646 ollam
894 2587 949 2647 sub
973 2588 1040 2648 divo
1063 2588 1173 2650 habeto

158 2684 305 2756 opertam3
324 2693 393 2736 eum
412 2675 582 2737 stomachus
601 2673 703 2734 dolore
723 2674 885 2755 vexabitur,
904 2695 1000 2756 usque
1017 2677 1053 2738 ad
1068 2679 1173 2738 tertias

158 2765 281 2826 eandem
305 2782 411 2844 aquam
435 2782 568 2843 excoque
592 2770 622 2823 et
645 2763 714 2824 inde
737 2763 876 2842 cyathum
895 2783 989 2826 unum
1008 2764 1173 2826 bibendum

104 2865 138 2915 51
158 2856 277 2914 ieiunus
296 2853 332 2913 ad
351 2853 428 2913 diem
448 2870 541 2912 sume.
572 2850 704 2912 Urticam
722 2869 823 2912 semen
837 2852 995 2914 habentem
1009 2855 1041 2914 in
1056 2873 1172 2916 summo
1187 2874 1217 2914 ao

158 2943 244 3003 deme
268 2960 302 3002 ac
325 2940 484 3020 diligenter
506 2940 569 3001 lava
592 2948 622 3000 et
646 2959 681 3000 ex
705 2958 739 3000 ea
763 2940 957 3002 sorbitionem
983 2943 1070 3003 sacito
1094 2942 1172 3004 bene

158 3030 307 3093 conditam
332 3031 396 3090 sine
419 3031 533 3110 pipere,
556 3030 730 3089 suavissime
754 3032 909 3108 aecipieris
930 3031 966 3091 ad
986 3031 1172 3092 stomachum

104 3132 138 3182 52
158 3120 361 3181 reficiendum.
408 3117 553 3178 Lactucae
579 3119 681 3197 nigrae
710 3135 824 3199 semen,
854 3119 934 3197 quod
961 3121 1060 3198 ipsum
1087 3120 1172 3181 valde

158 3211 276 3290 nigrum
300 3216 355 3290 est,
378 3208 486 3288 iopila
505 3206 601 3285 lignea
624 3215 746 3268 tunsum
766 3224 833 3266 eum
852 3207 939 3268 melle
958 3207 1062 3286 subige
1081 3217 1171 3288 atque

249 3345 418 3402 voletanos.
520 3347 552 3397 1⁷
572 3342 701 3398 melidoti
719 3343 769 3412 (eie
786 3342 916 3410 sceptus).
1015 3347 1047 3396 21
1069 3342 1171 3411 epithi-

157 3417 286 3472 metium.
350 3423 385 3472 24
405 3415 480 3484 quod
499 3416 550 3484 (aie
568 3417 650 3482 cod.):
671 3431 726 3483 quo
747 3412 906 3468 Carnarius.
971 3418 1005 3468 26
1023 3413 1173 3469 vettonicae

159 3488 202 3555 (ut
218 3490 338 3560 saepius)
357 3489 465 3544 radices
484 3486 654 3542 laseicolum.
728 3488 763 3538 34
781 3483 864 3539 linea.
