2564 3794
544 110 782 176 -168-

785 229 799 250 .

153 273 332 337 carbonibus
356 273 523 350 positorum
546 273 646 332 lumus
670 272 803 332 remedio
827 280 882 352 est,
905 274 931 332 si
954 291 1006 331 ore
1025 271 1121 332 hianti
1140 281 1171 333 et

153 361 289 424 faucibus
313 362 423 440 apertis
447 361 626 440 exeipiatur3
650 363 707 421 eici
730 363 810 422 euim
833 368 864 422 et
887 359 995 440 expelli
1013 359 1169 422 devoratas

100 465 134 513 96
155 453 348 530 sanguisugas
371 449 427 510 hae
450 451 566 510 ratione
589 451 791 510 certissimum
814 457 869 510 est
907 449 941 509 ln
960 467 996 509 eo
1019 456 1114 531 aceto,
1138 452 1169 509 in

155 558 213 619 quo
237 541 321 619 prius
345 539 459 599 semum
483 537 600 599 fervens
625 539 664 598 sit
682 541 856 620 extinctum,
881 537 1023 618 butyrum
1041 540 1169 598 missum

154 637 184 690 et
208 627 382 689 oalelaotum
404 626 547 706 paulatim
571 629 597 686 si
619 626 823 708 absorbeatur,
847 629 935 687 eiciet
958 627 994 686 de
1015 626 1199 687 stomachos

154 719 356 795 sanguisugas.

100 816 134 866 99
242 806 286 866 Ad
302 797 608 882 stridorem'peotoris
622 802 832 881 deponendum
847 805 964 881 senapis
979 805 1090 880 optime
1105 805 1171 864 triti

153 892 274 973 cyathos
303 893 378 954 duos
407 899 436 953 et
462 891 558 954 mellis
582 893 688 970 optimi
710 891 878 970 despumati
901 891 1039 970 cyathum
1062 894 1170 953 misee-

153 982 199 1044 his
223 990 254 1043 et
276 983 396 1042 ieiunus
420 980 467 1040 die
492 979 585 1041 oalido
614 987 666 1041 aut
692 982 724 1041 in
751 980 816 1040 loeo
845 979 946 1060 tepido
969 979 1170 1058 gargarizabis

148 1079 184 1132 et
208 1073 288 1131 sines
311 1072 425 1148 patenti
448 1087 500 1130 ore
523 1087 659 1129 umorem
682 1068 852 1129 decurrere.
1186 1085 1215 1125 ro
1264 1089 1265 1100 ³

100 1170 135 1220 98
242 1158 286 1218 Ne
310 1157 407 1217 media
430 1156 561 1236 doleant,
589 1157 659 1218 luna
686 1159 812 1236 septima
840 1157 954 1217 decima
978 1173 1097 1235 semper
1120 1156 1171 1217 alii
1264 1159 1265 1228 ζ

154 1247 266 1306 incocti
288 1252 373 1306 terna
397 1263 487 1323 grana
509 1255 635 1324 purgata
657 1245 837 1326 transglutti,
860 1247 935 1306 mire
958 1245 1101 1324 proderit.

100 1345 134 1394 99
244 1332 403 1394 Corallium
430 1335 534 1394 tritum
562 1352 598 1394 ex
627 1352 703 1412 aqua
730 1336 816 1412 potui
843 1334 944 1394 datum
973 1335 1170 1394 reiectionem

155 1423 307 1500 sanguinis
325 1423 476 1502 reprimit3
494 1423 544 1482 eui
562 1424 607 1482 rei
625 1431 655 1482 et
669 1431 824 1483 castaneae
839 1421 1006 1502 medentur,
1025 1423 1051 1481 si
1066 1431 1170 1482 coetae

154 1528 243 1590 quam
266 1511 411 1588 plurimae
435 1509 660 1572 manducentur.
1186 1527 1212 1566 ra

102 1611 153 1660 100
242 1599 287 1660 Ad
306 1607 420 1660 tussam
436 1597 600 1660 Vindiciani
616 1599 725 1658 mediei
739 1598 905 1658 remedium
920 1597 1083 1676 singulare:
1104 1598 1172 1660 Sul·

153 1705 212 1767 pur
234 1691 333 1749 vivum
356 1695 436 1748 teres
460 1696 490 1750 et
508 1687 639 1748 involves
664 1687 700 1747 de
719 1689 846 1764 axungia
864 1688 948 1764 porei
967 1687 1173 1748 vetustissima

154 1783 184 1837 et
203 1776 295 1857 dabis,
314 1784 349 1837 ut
366 1776 570 1854 transgluttiat
590 1783 653 1836 tres
671 1774 777 1854 pilulas
796 1777 892 1853 prima
907 1775 964 1854 die,
984 1775 1116 1836 secunda
1135 1777 1173 1858 ll,

153 1867 242 1926 tertia
269 1865 296 1946 13
323 1864 397 1926 tales
425 1872 525 1926 autem
552 1863 660 1943 pilulae
689 1870 792 1942 erunt,
820 1871 855 1923 ut
877 1863 963 1923 facile
986 1869 1173 1926 transvorari

153 1954 282 2034 possint;
310 1954 367 2014 hoo
395 1953 561 2014 remedium
589 1955 678 2012 etiam
707 1953 792 2030 equis
816 1951 1013 2013 tussientibus
1036 1953 1172 2031 prodest.
1187 1968 1215 2008 29

102 2041 204 2102 101Ad
228 2049 342 2103 tussem
366 2042 533 2102 remedium
556 2039 672 2101 ellioax:
700 2038 811 2119 Herba,
838 2057 913 2119 quae
938 2039 1046 2100 Gallice
1070 2042 1176 2102 eallio·

155 2149 288 2210 marcus,
316 2129 421 2190 Latine
445 2131 514 2206 equi
537 2126 648 2206 ungula
673 2135 807 2208 vocatur,
831 2127 954 2189 collecta
977 2127 1045 2189 luna
1069 2138 1175 2192 vetere
1264 2187 1265 2190 ,

155 2219 256 2279 liduna
289 2218 337 2278 die
364 2217 441 2276 lovis
474 2218 583 2276 siccata
610 2218 694 2294 prius
721 2217 752 2276 in
781 2215 869 2277 ollam
902 2235 1008 2277 novam
1040 2220 1175 2280 mittitur

156 2324 224 2366 oum
252 2307 359 2384 prunis
387 2303 575 2384 ardentibus,
608 2322 682 2382 quae
715 2305 794 2364 intra
822 2303 910 2365 ollam
941 2307 1020 2366 mitti
1047 2305 1174 2389 dehent3

156 2394 330 2472 superficies
354 2410 425 2453 sane
449 2394 514 2452 eius
537 2391 640 2470 argilla
664 2391 822 2470 diligenter
845 2393 943 2454 claudi
962 2393 1051 2454 debet
1074 2403 1104 2455 et
1123 2415 1173 2456 oa·
1190 2411 1219 2450 aa

157 2481 252 2542 lamus
275 2483 381 2560 inseri,
404 2499 458 2560 per
483 2498 572 2559 quem
595 2499 682 2540 umor
705 2480 752 2541 vel
771 2481 870 2541 lumus
890 2481 997 2542 caloris
1015 2481 1175 2544 hauriatur

104 2581 154 2628 102
161 2572 239 2630 intra
258 2587 301 2650 os,
320 2569 415 2630 donee
434 2571 543 2628 arteria
562 2571 660 2628 omnia
675 2576 705 2629 et
719 2569 904 2630 stomachum
919 2579 1064 2648 penetret.
1095 2571 1174 2632 Gon·

156 2661 264 2736 positio
289 2657 324 2718 ad
348 2664 475 2718 tussem:
509 2655 604 2716 Mollis
632 2657 799 2735 despumati
822 2657 853 2718 P.
873 2657 898 2740 l,
926 2659 1026 2720 anethi
1049 2662 1175 2720 seminis

150 2779 197 2800 .-
220 2745 276 2826 ΙΙΙ,
296 2747 410 2826 piperis
433 2777 477 2788 -
495 2743 516 2805 1.
562 2743 642 2806 Haeo
665 2745 891 2822 diligentissime
914 2749 983 2807 trita
1008 2749 1175 2809 miscentur

157 2833 250 2913 melli,
279 2842 326 2916 ut,
355 2852 423 2894 oum
451 2851 525 2894 orsus
553 2835 700 2912 exegerit,
729 2833 774 2894 bis
797 2837 829 2894 in
853 2833 900 2895 die
924 2843 1009 2896 terna
1033 2837 1174 2897 cocliaria
1189 2851 1219 2891 oo

159 2925 210 3001 qui
233 2925 312 2984 tussi
334 2921 479 2983 laborabit
502 2923 637 2999 aoeipiat.

105 3021 156 3070 103
248 3009 428 3092 Compositio
453 3011 612 3089 ecligmatii
635 3009 671 3070 ad
694 3009 865 3089 pulmonem
888 3017 1064 3088 corruptum
1086 3031 1175 3091 repa-

156 3099 297 3162 randum:
338 3098 481 3160 Marrubii
514 3097 688 3159 fasciculum
720 3117 827 3178 unum,
859 3099 965 3178 hysopi
986 3099 1176 3162 «fasciculum

120 3253 123 3255 ,
156 3207 258 3270 unum,
277 3188 478 3269 glycyrrhizae
492 3221 536 3230 -
550 3186 600 3267 ΙΙΙ,
614 3188 667 3247 iris
682 3186 816 3266 Illyricae
831 3221 873 3230 —
888 3186 937 3266 ΙΙΙ,
951 3187 1049 3249 inulae
1065 3219 1106 3232 -—
1123 3188 1175 3269 Ill,

244 3397 384 3464 Soyatos.
433 3399 466 3448 10
485 3410 620 3450 umorem.
670 3398 703 3448 18
721 3390 936 3459 transgluttioat
955 3391 1024 3460 (sio).
1072 3397 1106 3445 27
1125 3408 1175 3446 ar-

154 3463 255 3517 teriam
275 3483 386 3520 omnem
406 3465 565 3520 Coronatus.
640 3468 674 3518 32
694 3461 842 3532 eligmntii.
916 3466 951 3514 94
968 3461 1135 3530 glycerizae.
