2636 3790
577 51 769 116 ..8-

167 215 257 277 della:
281 213 416 275 Feniculi
439 221 469 274 et
491 215 550 293 apii
573 213 688 274 radices
712 215 779 273 vino
804 213 922 274 condito
946 215 1040 274 veteri
1061 221 1091 274 et
1110 213 1184 275 odo-

166 312 231 365 rato
260 305 379 384 inicies,
407 310 438 362 et
465 319 534 362 cum
558 319 590 362 se
613 302 686 362 haec
710 301 832 362 confusa
855 304 1084 384 maceraverint,
1111 321 1185 364 cum
1272 325 1273 364 l

168 395 230 454 vini
258 391 372 471 cyathis
395 389 512 452 duobus
535 391 710 451 tantundem
733 389 874 450 miscebis
897 408 991 468 aquae
1015 390 1126 451 calidae
1152 400 1186 453 et
1272 427 1273 464 i

166 483 267 542 ieiuno
292 481 377 560 potui
400 479 491 540 dabis.
529 479 687 540 Praeterea
710 479 819 539 radicis
843 481 978 557 asparagi
1001 497 1092 540 sucus
1112 499 1185 541 cum
1272 465 1273 522 l

166 572 234 630 vino
254 571 365 630 mixtus
384 569 494 646 optime
514 570 651 648 sumitur,
670 567 723 628 sed
738 575 769 628 et
782 569 889 628 ciceris
906 567 973 647 albi,
987 586 1048 628 non
1062 570 1185 630 arietini
1216 583 1230 624 5

133 667 148 716 t
169 659 285 719 decocti
304 673 394 718 sucus
414 658 566 735 accipitur.
604 656 648 717 Ex
667 656 722 717 hac
740 655 917 736 valetudine,
935 659 995 716 nisi
1008 659 1038 716 in
1059 657 1184 718 exordio

167 749 282 808 curatio
306 745 437 806 adhibita
458 746 558 825 luerit,
580 763 636 824 per
654 747 758 806 urinae
778 744 982 806 difficultatem
1001 753 1031 805 et
1049 745 1185 826 hydrops

167 837 303 896 nascitur
326 841 356 895 et
380 833 464 895 dolor
486 835 595 894 iecoris
619 841 649 894 et
672 835 742 894 vitia
765 851 871 893 renum
895 840 926 894 et
944 837 1112 911 stranguria
1132 853 1184 894 ve-

167 927 254 1006 sicae,
273 931 408 984 ventrem
428 922 631 984 molestissimi
646 921 763 982 dolores
777 921 934 983 vexabunt.
964 921 1044 982 llaec
1059 930 1129 982 sunt
1144 923 1183 983 de

131 1029 147 1078 8
166 1011 398 1092 praenoscendis
421 1011 706 1090 praeveniendisque
730 1009 903 1071 morborum
927 1013 1033 1071 causis.
1073 1010 1184 1072 Addidi
1199 1025 1226 1066 10

168 1103 270 1182 etiam,
299 1099 408 1180 quibus
437 1107 467 1160 et
495 1108 640 1178 qnatenus
668 1117 723 1178 per
750 1101 820 1160 anni
847 1099 994 1160 circulum
1021 1117 1076 1178 pro
1104 1107 1182 1160 tem-

167 1207 274 1268 porum
293 1189 497 1250 vicissitudine
519 1188 683 1248 observatis
701 1187 890 1249 incolumitas
910 1188 1104 1248 custodiatur.
1136 1188 1183 1248 Ab

167 1277 265 1339 hicme
293 1279 386 1357 igitur
414 1277 563 1338 salubrius
592 1278 644 1338 liet
671 1277 834 1338 exordium.
876 1273 921 1336 Ex
950 1277 997 1336 die
1026 1275 1091 1336 Vlll
1117 1275 1182 1338 Kal.

167 1365 281 1427 ianuar.
319 1365 495 1445 corporibus
532 1379 620 1426 umor
654 1365 801 1426 adcrescit
837 1383 932 1444 usqne
965 1366 1043 1424 veris
1081 1367 1182 1445 aequi-

167 1457 315 1536 noctium,
339 1455 418 1534 quod
441 1456 546 1534 incipit
569 1453 633 1514 Vlll
651 1453 713 1515 Kal.
733 1453 825 1534 April.
864 1453 927 1514 Hoc
951 1471 1022 1531 ergo
1046 1459 1225 1532 tempore1⁵

168 1543 313 1604 utendum
337 1542 524 1604 calidissimis
548 1541 623 1604 cibis
644 1551 674 1603 et
692 1545 821 1624 optimis,
844 1544 911 1602 vino
931 1541 1118 1620 aliquatenus
1136 1543 1181 1602 in-

168 1631 360 1713 dulgendum,
383 1649 457 1692 usus
481 1633 569 1692 etiam
591 1633 731 1692 venerius
753 1633 874 1692 minime
897 1629 1092 1708 respuendus.
1137 1629 1183 1691 Ex

168 1722 355 1800 aequinoctio
388 1723 493 1800 incipit
525 1718 661 1799 phlegma
690 1737 844 1800 crescere,
876 1719 907 1780 id
940 1726 986 1780 est
1023 1726 1182 1780 concretus

168 1828 254 1870 umor
282 1817 313 1870 et
341 1809 481 1890 frigidus,
506 1827 602 1888 usque
630 1811 661 1869 in
689 1816 787 1869 ortum
812 1807 975 1888 pleiadum,
1002 1810 1054 1886 qui
1076 1809 1183 1886 incipit

166 1898 263 1977 pridie
285 1898 354 1959 idus
377 1897 476 1960 Maias
513 1897 591 1977 Ergo
615 1906 680 1958 tum
703 1896 838 1958 adhiberi
859 1898 998 1957 convenit
1015 1895 1092 1956 bene
1111 1895 1180 1957 odo·
1195 1907 1222 1948 20

166 1995 256 2068 ratos,
272 1987 324 2048 sed
339 1994 370 2047 et
384 2005 468 2047 acres
483 1986 574 2047 cibos
603 1985 718 2046 Exhinc
738 1987 858 2064 sanguis
876 1985 1028 2046 ardentior
1047 1984 1181 2046 febribus

167 2084 325 2154 augmenta
348 2075 518 2155 suppeditat
541 2092 596 2134 nec
620 2076 718 2134 minus
750 2092 836 2134 umor
855 2073 1006 2135 obbibitur
1030 2075 1181 2153 usquead

167 2166 271 2224 aestivi
299 2165 443 2241 temporis
471 2163 747 2242 commutationem,
777 2180 852 2240 quae
881 2162 917 2223 ab
945 2161 1010 2223 Vlll
1037 2161 1099 2223 Kal.
1127 2162 1180 2224 lul.

167 2251 339 2330 inchoatur,
363 2269 379 2310 a
403 2269 462 2329 quo
486 2250 534 2310 die
557 2268 665 2310 venere
689 2250 896 2312 abstinendum
920 2251 1180 2329 ieiunandnmque.

133 2345 148 2392 9
168 2338 212 2398 Ab
232 2347 335 2399 octavo
355 2341 433 2398 enim
449 2337 510 2398 Kal.
525 2337 577 2399 lul.
593 2341 703 2399 aestiva
717 2341 886 2418 progressio
902 2341 1085 2400 incrementa
1104 2339 1179 2400 lellis
1193 2349 1219 2391 2⁵

167 2429 331 2488 exsuscitat
349 2445 445 2506 usque
464 2429 495 2487 in
514 2429 650 2488 autumni
664 2429 893 2510 aequinoctium,
913 2428 992 2508 quod
1008 2435 1053 2488 est
1067 2427 1104 2487 Vl
1117 2426 1179 2488 Kal.

167 2515 314 2577 Octobris.
358 2514 424 2576 Erit
451 2517 543 2594 igitur
568 2515 713 2577 utendum
741 2518 836 2578 acutis
865 2526 896 2578 et
918 2517 1028 2595 sapidis
1051 2523 1082 2577 et
1104 2515 1179 2578 hene

167 2604 317 2665 olentibus
350 2603 438 2684 cibis,
471 2607 590 2683 parcius
618 2605 810 2666 ieiunandum
838 2613 868 2665 et
900 2607 1021 2666 venerio
1053 2623 1111 2666 usu
1143 2605 1178 2665 ab

167 2692 232 2752 Vlll
247 2692 309 2756 Kal.
324 2692 378 2754 Iul.
397 2701 478 2754 certe
497 2712 552 2772 per
571 2693 634 2754 dies
649 2692 703 2753 Xll
721 2696 841 2773 penitus
861 2693 1077 2756 abstinendum.
1109 2692 1179 2754 Post

168 2784 304 2842 autumni
326 2783 556 2863 aequinoctium,
579 2781 609 2842 id
633 2789 679 2843 est
702 2790 771 2861 post
792 2782 869 2843 diem
889 2782 926 2842 Vl
944 2781 1007 2843 Kal.
1027 2781 1178 2865 Octobres,
1191 2795 1217 2835 ³0

168 2888 251 2931 acres
279 2869 355 2930 biles
385 2872 462 2930 vires
493 2878 523 2930 et
556 2880 747 2950 augmentum
779 2873 946 2932 sortiuntur
978 2873 1009 2930 in
1042 2889 1178 2931 occasum

166 2958 324 3038 pleiadum,
349 2961 400 3038 qni
423 2966 469 3018 est
489 2957 543 3018 llll
562 2959 630 3020 idus
649 2959 837 3040 Novembris,
864 2978 985 3020 umores
1008 2961 1097 3020 etiam
1116 2977 1177 3037 gra-

166 3065 218 3107 ves
242 3055 375 3126 serpunt.
412 3046 478 3107 Erit
500 3049 592 3126 igitur
616 3048 760 3110 utendum
784 3048 876 3109 acidis
900 3056 930 3109 ct
953 3045 1072 3108 acribus
1096 3046 1177 3128 cibis,

239 3205 253 3253 1
274 3198 395 3254 condito.
466 3205 481 3253 6
500 3199 730 3256 valetudinem
747 3199 903 3255 valitudine
922 3205 984 3256 2m.
1048 3204 1064 3253 9
1083 3200 1176 3254 venire

166 3270 374 3326 molestissimo.
414 3276 446 3325 14
460 3271 568 3339 humor,
582 3273 646 3326 item
662 3277 703 3327 19.
756 3277 788 3326 18
799 3271 938 3341 phleuma.
976 3275 1011 3325 23
1021 3270 1056 3324 ab
1066 3271 1176 3338 scripsi:

166 3357 202 3397 aa
223 3343 286 3412 (sic)
308 3343 380 3409 cod,
404 3343 439 3398 ed
463 3341 623 3398 Carnarius.
709 3347 852 3411 utsupra
874 3358 975 3398 venere
1001 3342 1064 3398 add.
1083 3344 1135 3397 2m
1152 3357 1175 3395 a.

167 3418 200 3467 27
219 3415 320 3486 acutis]
340 3413 452 3483 frigidis
473 3413 631 3470 Cornelius.
715 3419 748 3468 32
768 3415 898 3470 humores
916 3419 975 3471 am.
