2528 3814
523 175 561 185 -
610 137 764 202 300-

134 306 214 384 vitia,
238 321 314 381 quae
338 321 373 362 ex
396 301 507 380 frigore
527 308 578 360 aut
596 299 697 360 labore
716 306 766 359 aut
784 298 931 376 indigerie
950 306 1050 380 erunt,
1071 301 1150 362 miri·
1256 367 1257 370 Ἴ

82 405 115 454 57
135 394 190 452 sice
210 390 336 452 sanabis.
366 389 486 451 Lotium
504 389 666 450 humanum
685 395 771 448 retus
786 387 901 448 adiecto
915 387 1036 465 paululo
1052 407 1151 472 croco,

135 480 215 561 quod
239 479 360 540 odorem
384 481 449 540 eius
473 477 619 556 emendet,
642 477 792 554 ignoranti
814 478 900 554 potui
922 475 1024 536 datum
1048 496 1151 557 quam-

135 572 178 630 vis
205 577 321 630 veteres
354 578 384 629 et
415 567 542 627 latentes
569 568 739 626 interaneos
767 563 887 625 morbos
920 572 951 625 et
977 569 1095 628 uomitu
1123 577 1152 628 et

120 657 352 746 *deiectionibus
376 657 532 717 concitatis
555 655 761 733 potentissime
785 652 909 714 sanabit.
1164 671 1177 711 s

84 760 118 808 68
226 744 443 808 Laborantibus
466 752 610 823 tenesmo,
633 742 663 803 id
687 749 734 802 est
757 745 809 822 qui
832 742 868 802 de
887 741 1084 820 perfrictione
1104 744 1153 804 ad-

136 837 220 898 sidue
249 835 354 896 sedere
382 835 507 912 cupiunt
536 840 566 892 et
591 831 665 892 nibil
688 831 835 911 deiciunt,
862 830 908 891 lac
931 830 1079 894 bubulum
1104 833 1154 894 de·

83 936 116 985 69
136 933 254 986 coctum
269 925 442 1002 Irequenter
457 928 559 1002 potum
573 922 699 981 maxime
714 919 845 998 prodest.
875 918 969 980 Holus
984 920 1154 983 discoctum

135 1032 204 1074 cum
232 1013 292 1073 sale
320 1011 482 1092 plurimum
510 1016 661 1088 sumptum
685 1009 842 1069 adversum
866 1015 1035 1070 tenesmum
1057 1013 1155 1092 iuvat3

136 1111 234 1162 ostrea
263 1118 382 1180 quoque
413 1118 449 1159 ex
482 1097 578 1158 mulso
613 1105 642 1157 et
674 1099 777 1176 pipere
809 1105 893 1157 cocta
925 1097 1041 1158 utiliter
1073 1102 1193 1160 acci-10

83 1201 117 1250 60
136 1193 269 1268 piantur.
306 1187 390 1248 Potio
410 1204 531 1264 asperso
550 1185 678 1264 plurimo
697 1188 801 1264 pipere
821 1184 877 1245 sub
896 1195 1016 1246 noctem
1034 1187 1153 1249 calidis·

137 1278 211 1337 sime
232 1282 349 1353 sumpta
369 1292 484 1335 summo
499 1273 631 1334 remedio
646 1273 804 1334 adversum
820 1280 985 1334 tenesmum
1000 1293 1068 1336 esse
1083 1295 1154 1338 con·

84 1377 117 1426 61
138 1365 243 1424 suevit.
276 1363 423 1422 Senectus
447 1363 551 1440 anguis
574 1380 643 1422 oum
662 1362 727 1423 oleo
747 1380 869 1422 rosaceo
889 1361 1013 1423 decocta
1031 1366 1063 1424 in
1082 1385 1154 1426 vaso

136 1461 258 1532 stagneo
282 1458 371 1530 atque
394 1451 477 1512 inlita
500 1452 611 1530 ventri,
635 1453 660 1512 si
682 1459 781 1512 temen
805 1449 865 1512 illic
889 1469 949 1510 non
973 1453 1012 1512 sit
1035 1454 1154 1516 exulce-

136 1543 221 1622 ratio,
244 1550 378 1602 tenesmo
402 1539 533 1600 remedio
558 1547 612 1600 est.
1168 1557 1192 1597 15

83 1643 117 1692 62
226 1629 276 1690 lus
298 1632 425 1710 piscium
448 1631 630 1714 marinorum
653 1630 684 1688 16
702 1629 802 1706 patina
821 1646 889 1689 cum
908 1627 1033 1690 lactucis
1053 1640 1153 1693 cocto·

84 1731 117 1781 63
137 1737 205 1780 rum
228 1719 343 1780 utiliter
366 1718 523 1779 adversum
547 1725 714 1777 tenesmum
737 1715 885 1777 sorbetur.
929 1716 1013 1796 Aqua
1036 1723 1154 1781 marina

137 1827 172 1868 ex
197 1807 254 1869 alto
278 1808 415 1868 hauritur
439 1814 469 1868 et
492 1813 628 1866 servatur
650 1807 681 1864 in
705 1812 883 1865 vetustatem
907 1823 941 1866 ac
960 1813 1064 1884 postea
1084 1827 1154 1870 oum

137 1897 206 1956 vino
235 1904 354 1956 austero
382 1894 509 1975 bibitur,
537 1893 644 1954 deinde
673 1893 768 1952 ralani
798 1894 1027 1974 manducantur,
1055 1906 1090 1957 ut
1115 1901 1155 1958 sit

85 1996 119 2046 64
138 1986 266 2046 vomitus
290 1984 413 2064 facilior,
437 1985 488 2062 qui
511 1983 639 2043 tenesmi
657 1999 761 2042 causas
780 1982 919 2043 effundat.
953 1981 1072 2044 Herbae
1091 1995 1154 2046 vet·
1169 2001 1195 2040 so

138 2075 252 2134 tonicae
282 2073 350 2133 lolia
378 2074 409 2132 in
437 2071 543 2132 umbra
572 2070 699 2131 arelacta
727 2078 757 2131 ot
784 2078 873 2130 tunsa
900 2069 1090 2151 cribrataque
1117 2075 1158 2136 aa

139 2160 303 2241 scripulum
336 2178 430 2221 unum
462 2178 499 2220 ex
531 2177 624 2238 aquae
657 2159 766 2220 calidae
797 2159 910 2238 cyathis
938 2159 1054 2221 duobus
1082 2173 1156 2242 pota

139 2253 249 2330 optime
273 2257 400 2329 prosunt
423 2247 535 2328 absque
559 2247 619 2326 1616,
647 2246 756 2326 quibus
780 2266 817 2308 ex
840 2247 986 2310 cruditate
1010 2251 1156 2313 intestIna

86 2348 119 2397 66
139 2346 325 2415 torquentur.
354 2337 462 2417 Herba,
482 2355 557 2415 quae
572 2354 774 2414 pycnocomon
790 2336 909 2418 dicitur,
928 2339 998 2398 trita
1013 2357 1050 2398 ex
1063 2357 1155 2418 passo

137 2424 183 2486 vel
210 2425 307 2485 mulso
336 2425 381 2486 vel
410 2443 537 2486 caroeno
566 2432 652 2502 epota
680 2425 891 2486 intestInorum
922 2425 1053 2486 dolorem
1083 2447 1154 2508 pro·
1169 2445 1197 2486 25

84 2526 117 2574 66
139 2516 218 2574 tirius
238 2513 330 2574 sedat.
361 2513 467 2574 Solllae
487 2512 569 2574 albae
592 2545 628 2555 —-
650 2512 663 2572 l
685 2521 715 2572 et
733 2531 849 2592 myrrae
868 2515 1015 2575 victoriati
1034 2517 1155 2593 pondus

138 2602 261 2662 adiectis
285 2602 375 2662 aridis
398 2602 463 2662 licis
487 2601 604 2662 duobus
627 2603 769 2661 inunum
790 2600 910 2680 subiges
929 2610 959 2662 et
977 2604 1096 2664 ieiunus
1116 2623 1153 2666 ex

85 2702 118 2750 6⁷
137 2691 205 2750 uiuo
220 2707 302 2750 mero
318 2707 431 2752 sumes:
448 2692 586 2768 protinus
601 2691 714 2750 ventris
728 2689 830 2749 dolore
846 2689 1033 2752 relevaberis
1060 2692 1154 2754 Lauri

138 2780 236 2840 teneri
258 2777 327 2837 folia
349 2785 436 2838 tunsa
460 2785 490 2838 et
513 2780 545 2838 in
568 2784 687 2837 austero
711 2779 780 2838 rino
805 2780 876 2838 trita
899 2779 1034 2840 convulsi
1055 2781 1153 2842 utilis·

85 2878 118 2927 68
138 2868 212 2927 slme
231 2873 343 2945 potant.
376 2865 500 2926 Stercus
519 2867 670 2925 verrinum
687 2884 742 2944 per
757 2885 788 2927 se
804 2866 960 2927 collectum
976 2867 1151 2930 arefactum·
1167 2886 1196 2926 ao

139 2973 196 3035 que
224 2963 255 3014 et
282 2973 350 3014 cum
378 2955 446 3014 vino
475 2955 559 3032 potui
587 2953 687 3013 datum
711 2955 916 3016 efficacissime
940 2956 1098 3018 convulsos
1121 2967 1153 3020 et

137 3051 270 3105 reumata
294 3049 385 3103 sanat.

226 3215 384 3284 26661616.
463 3219 495 3267 12
514 3213 649 3268 tenesmo.
728 3219 760 3268 18
780 3213 895 3268 entitur.
968 3220 1003 3268 24
1021 3231 1151 3284 pycmom

137 3288 254 3341 correcti.
300 3289 334 3339 25
354 3283 457 3340 carino.
504 3289 538 3338 26
558 3283 687 3408 8611166ἐ1
694 3284 778 3340 Totus
795 3284 840 3338 bt'c
855 3285 929 3339 Iocus
946 3301 965 3338 a
984 3291 1048 3350 666
1067 3302 1151 3356 usquc

137 3358 174 3410 od
192 3373 251 3425 cop.
267 3355 397 3412 XXVIIII
414 3361 430 3420 6
444 3361 460 3409 6
479 3357 596 3424 66666116
613 3371 658 3410 cer
683 3356 701 3408 'o
719 3355 756 3409 ed
775 3353 831 3408 coli
848 3353 1022 3410 inflationem
1038 3387 1071 3397 —
1087 3373 1149 3425 oya-

137 3425 193 3480 tbis
207 3429 348 3496 quattuor,
363 3443 432 3496 quac
445 3429 555 3481 666116
568 3431 609 3490 §4
623 3426 740 3481 6166666
754 3425 880 3494 capitulo}
896 3427 972 3494 apud
983 3424 1150 3484 Gorccrium

137 3495 314 3550 desideratur.
387 3497 497 3552 mirrae.
570 3502 605 3550 30
623 3497 765 3565 potentur.
838 3501 872 3548 32
891 3497 1041 3554 thromate.
1108 3523 1111 3534 ·
