2540 3802
510 75 754 142 -111-

124 251 291 320 temperare
315 237 418 318 debet,
447 238 526 299 unde
552 241 612 299 sint
635 246 698 298 tres
721 241 872 317 potiones,
900 241 940 298 ita
964 249 998 298 ut
1021 257 1037 298 a
1062 239 1143 299 nullo

124 329 180 390 alio
205 346 293 407 quam
318 327 422 407 abeo,
448 329 499 406 qui
524 327 648 387 daturus
673 335 727 407 est,
751 326 842 387 herba
867 326 915 386 illa
940 327 985 387 vel
1008 329 1092 406 potio
1115 336 1144 389 ot
1248 323 1249 404 l

123 417 160 478 ab
180 436 225 498 eo,
244 414 296 496 qui
316 424 495 495 accepturus
515 426 570 490 est,
589 423 736 493 tangatur.
774 415 854 476 Haeo
874 419 924 494 qui
943 415 1019 476 hene
1039 415 1143 476 obser·

124 508 245 585 raverit,
269 507 377 566 mirum
401 504 567 564 remedium
590 507 729 565 inveniet.
1248 513 1249 560 l

71 606 105 656 12
214 596 256 654 dd
286 612 376 654 coxae
405 592 537 654 subitum
566 601 719 671 stuporem
743 592 790 652 vel
818 593 963 654 dolorem:
995 593 1173 655 Afronitris

124 717 167 728 —
183 684 204 764 1,
225 685 344 762 senapis
366 715 402 724 —
420 681 441 761 1,
461 683 573 760 piperis
595 683 777 742 semunciam
797 689 877 742 teres
897 690 927 742 et
947 683 1017 742 trita
1036 685 1146 743 misce·

123 773 180 854 1111,
202 779 236 832 111
260 771 413 850 pulverem
436 771 535 851 iacias,
560 779 589 830 et
613 771 643 829 in
668 769 772 830 balneo
797 770 904 852 locum,
932 771 968 829 de
993 789 1052 849 quo
1072 789 1146 850 que·
1248 761 1249 842 f

124 863 211 941 reris,
235 859 418 939 perfricabis.
1248 903 1249 906 ,

73 961 106 1010 13
215 949 389 1010 Remedium
413 948 448 1008 ad
473 951 603 1008 nesciam
624 949 681 1008 sic:
703 946 830 1025 Colliges
848 947 980 1027 herbam,
1005 966 1080 1026 quae
1101 949 1146 1008 di·
1248 939 1249 954 ³

126 1041 206 1100 citur
229 1037 412 1116 Britannice,
436 1037 484 1096 die
508 1037 584 1096 lovis
608 1046 708 1096 vetere
731 1035 801 1095 luna
825 1046 854 1096 et
877 1035 992 1116 liduoa,
1016 1037 1148 1098 siccabis
1161 1054 1190 1093 10

127 1137 157 1188 et
180 1144 317 1203 repones,
341 1127 410 1202 quia
434 1124 532 1184 bieme
557 1143 617 1184 non
640 1133 771 1202 apparet,
795 1143 863 1184 nam
885 1132 915 1184 et
934 1125 1036 1184 viridis
1055 1126 1146 1204 prod·

127 1222 186 1294 1111,
215 1222 295 1272 11111
324 1213 400 1272 hanc
428 1231 496 1272 cum
526 1211 622 1272 tribus
650 1213 750 1290 granis
779 1211 847 1272 salis
876 1221 906 1272 et
934 1232 1002 1273 cum
1030 1217 1146 1292 piperis

127 1302 228 1382 granis
253 1303 385 1379 quinque
409 1309 460 1360 aut
484 1309 612 1380 septem,
640 1300 730 1360 addes
758 1311 787 1360 et
814 1300 935 1379 plenum
959 1302 1070 1380 grande
1094 1321 1146 1362 co·

128 1390 226 1451 clears
249 1389 346 1478 mellis
371 1396 400 1449 et
423 1390 484 1448 vini
507 1391 657 1467 potionem
682 1388 789 1449 bonam
808 1397 839 1449 et
857 1391 883 1449 si
902 1390 1031 1450 volueris
1050 1391 1146 1450 modi-

129 1497 197 1540 cum
217 1478 328 1539 calidae
348 1497 440 1556 aquae
460 1477 570 1538 adicies
589 1485 620 1537 et
639 1480 681 1538 sic
700 1477 861 1538 bibendum
881 1477 978 1558 dabis3
997 1478 1188 1540 sedhanc1e
1236 1559 1238 1562 Ι

127 1567 251 1629 herbam
267 1577 321 1646 ter,
337 1567 408 1628 dum
422 1575 516 1647 tenes,
531 1575 689 1646 antequam
704 1566 834 1646 colligas,
849 1577 1041 1645 praecantare
1051 1567 1147 1629 debes

128 1660 186 1718 sic:
211 1655 334 1716 Terram
353 1664 451 1736 teneo,
473 1655 596 1716 herbam
615 1655 691 1734 lego,
714 1657 743 1714 in
764 1657 883 1716 nornine
904 1655 1024 1734 Christi,
1047 1659 1148 1736 prosit

128 1747 164 1807 ad
194 1745 273 1826 quod
301 1753 330 1805 te
360 1744 474 1824 colligo.
515 1742 739 1804 Medicinalibus
763 1744 863 1822 digitis
887 1762 950 1804 eam
975 1747 1039 1805 sine
1063 1745 1147 1806 lerro

128 1833 283 1915 praecides
306 1841 357 1894 aut
380 1833 496 1893 evelles.

76 1933 111 1982 14
219 1922 261 1982 ld
277 1924 407 1983 nesciam
423 1921 459 1982 de
474 1923 678 2000 experimento
694 1920 859 1981 remedium
874 1922 930 1981 sic:
945 1921 1038 1981 Radix
1049 1921 1148 2000 bugil-
1163 1937 1191 1977 so

131 2011 208 2072 lonis
229 2013 293 2071 sine
312 2011 392 2070 ferro
411 2009 560 2088 colligitur
578 2009 625 2069 vel
644 2012 761 2069 eruitur
780 2009 845 2087 palo
865 2019 966 2089 acuto;
984 2011 1057 2070 baec
1076 2019 1148 2070 tun-

130 2101 213 2162 ditur
236 2102 268 2159 in
291 2100 349 2178 pila
373 2099 418 2158 vel
442 2101 552 2158 teritur
574 2101 604 2157 in
629 2100 769 2157 mortario
794 2109 824 2158 et
846 2116 938 2158 sucus
961 2102 1026 2160 eius
1048 2103 1148 2178 expri-

131 2191 231 2267 mitur,
255 2190 294 2248 ita
319 2189 405 2248 utin
430 2204 502 2246 suco
526 2205 560 2246 eo
585 2187 624 2246 sit
649 2185 693 2246 vel
717 2189 899 2267 quartarius3
923 2187 1029 2248 deinde
1054 2206 1148 2265 grana

131 2277 245 2355 piperis
270 2275 346 2335 XXV
370 2284 511 2336 teruntur
535 2282 564 2334 et
587 2273 684 2334 mellis
708 2274 781 2334 libra
805 2275 933 2336 adicitur
956 2295 990 2335 ac
1014 2277 1074 2336 vini
1097 2295 1147 2336 ve-

132 2365 207 2425 teris
236 2366 391 2424 sextarius.
422 2362 513 2422 -Haec
540 2365 637 2422 omnia
666 2381 733 2423 cum
762 2381 834 2424 suco
859 2382 948 2442 supra
973 2366 1083 2443 scripto
1108 2365 1145 2425 ad
1162 2380 1192 2420 11

131 2451 252 2512 modum
277 2452 390 2513 conditi
413 2453 633 2530 permiscentur
656 2461 686 2511 et
709 2451 854 2512 laboranti
877 2455 907 2512 in
931 2452 1050 2532 balneo,
1076 2471 1147 2514 oum

132 2544 190 2600 iam
214 2557 306 2618 prope
331 2539 426 2600 lassus
450 2541 633 2620 luerit,'per
655 2540 788 2600 triduum
812 2541 940 2618 potanda
963 2544 992 2600 in
1018 2541 1147 2602 caldaria

132 2628 229 2690 tribus
253 2627 425 2707 potionibus
449 2629 566 2708 dautur,
589 2631 664 2688 mire
686 2629 829 2707 proderit.

81 2732 112 2778 15
223 2715 391 2795 Descriptio
412 2719 506 2778 ceroti
525 2716 685 2797 chalastici‚
705 2717 782 2795 quod
801 2718 870 2778 lacit
885 2719 920 2778 ad
936 2736 1038 2778 omnes
1053 2720 1146 2779 totius

133 2807 269 2885 corporis
292 2805 419 2886 dolores,
441 2807 602 2884 praecipue
626 2805 660 2865 ad
686 2808 876 2866 contusiones
894 2805 1095 2866 membrorum
1116 2815 1146 2867 11
1161 2828 1190 2868 so

132 2912 294 2955 nervorum
313 2893 500 2955 infirmitates
519 2901 550 2954 et
569 2893 603 2953 ad
624 2894 768 2954 stomachi
787 2893 928 2957 dolorem.
962 2893 1080 2974 Insigne
1100 2903 1147 2956 est

133 2991 215 3045 certe
243 2985 380 3063 inprimis
409 2983 443 3043 ad
473 2982 642 3043 lumborum
671 2991 701 3043 et
724 2985 840 3044 renium
869 2983 1001 3064 dolores3
1027 2985 1146 3044 conlisi·

133 3081 185 3134 tur
214 3082 312 3134 vetere
341 3073 410 3133 lolia
439 3080 470 3132 11
496 3072 596 3132 liduna
625 3090 640 3131 a
669 3089 771 3131 mense
800 3071 904 3132 Martio
933 3075 963 3131 in
993 3071 1148 3150 quodlibet

134 3173 251 3242 tempus
266 3163 419 3242 aestivum,
433 3162 541 3240 recipit
555 3161 641 3222 haec:
658 3160 680 3220 F
682 3159 752 3220 lomi
766 3159 880 3240 libram,
895 3159 1005 3220 herbae
1021 3159 1147 3222 Sabinae

222 3367 394 3440 osaenapis.
467 3367 588 3438 peperis.
663 3363 833 3434 lquaereri.
899 3372 931 3420 10
950 3367 1146 3422 brittannicae.

133 3443 166 3492 21
186 3439 343 3510 collegitur.
416 3447 450 3494 32
469 3439 590 3510 renium]
609 3436 772 3492 remedium.
