2528 3814
467 120 752 224 '..315-

212 319 364 381 Confectio
387 322 556 382 iniectionis
580 321 616 381 ad
636 321 734 382 colum
754 323 810 382 sie:
834 320 903 400 Opii
921 320 1000 402 drag.
1019 323 1066 406 Vl,
1089 342 1136 386 ca·
1156 340 1190 389 61

119 410 215 468 storei
234 408 314 490 drag.
333 408 396 490 llll,
419 428 535 490 myrrae
555 410 761 490 troglodytidis
781 407 861 488 drag.
880 411 901 492 l,
920 415 1002 474 croci
1021 411 1100 494 drap.
1114 415 1136 494 1,

119 498 195 557 nitri
217 495 296 576 drag.
322 497 362 579 ll,
390 497 508 560 euforbi
535 499 615 579 drag.
641 497 680 581 ll,
708 506 793 560 rutae
822 498 968 562 silvestris
996 500 1075 580 drag.
1101 502 1137 585 ll,

8 623 9 626 =
119 585 218 646 mellis
242 593 386 666 quantum
409 588 530 649 denseri
552 590 651 648 omnia
673 591 797 668 possint.
840 585 956 658 Quibus
981 594 1137 671 permixtis

8 699 9 704 ¹
88 673 288 736 strochiseos
312 675 538 754 diligentissime
561 677 655 738 factos
679 677 811 738 servabis
835 683 865 737 et
886 697 955 740 oum
973 683 1136 742 necessitas

8 799 10 820 ;
118 763 213 824 fuerit
239 765 394 847 iniciendi,
427 766 538 827 adicies
566 765 624 826 olei
651 766 785 827 anethini
814 797 854 808 -—
881 766 932 849 Vl,
959 767 1060 848 butyri
1088 787 1136 830 ex·

8 905 9 912 ,
119 851 206 912 salati
236 885 274 896 —
305 852 357 934 111,
388 855 473 916 nardi
503 887 541 898 -
572 854 607 916 ll.
653 853 707 914 His
735 855 873 916 omnibus
901 856 938 916 de
968 857 1136 940 trochiscis,

119 958 249 1020 quorum
277 941 438 1022 descriptio
468 945 607 1024 superius
635 945 820 1024 continetur,
853 945 963 1007 adicies
992 955 1136 1025 quantum

8 1093 9 1096 ,
118 1029 204 1090 fabae
227 1048 352 1109 granum
376 1039 430 1113 est,
453 1033 484 1092 in
508 1051 584 1112 aqua
607 1032 722 1093 modica
745 1031 875 1094 solutum
899 1041 929 1095 et
952 1036 992 1095 ita
1015 1035 1070 1096 hac
1091 1037 1136 1096 in-

8 1135 10 1190 ς
75 1137 103 1176 ιο
118 1120 247 1179 iectione
271 1119 429 1198 diligenter
452 1123 555 1182 uteris.

531 1368 610 1434 CAP.
634 1367 724 1431 XXX.

117 1496 173 1551 Ad
194 1499 349 1552 ventrem
369 1497 612 1554 resolvendum
630 1501 666 1554 et
683 1512 801 1554 omnes
821 1499 894 1554 eius
912 1498 1134 1558 difficultates

117 1596 263 1654 necnon,
275 1587 310 1639 et
332 1585 377 1639 ed
399 1585 535 1641 cholera
553 1580 749 1654 proiciendd
766 1587 823 1642 vel
840 1587 1026 1643 inhibenda
1044 1589 1133 1646 seles

212 1675 248 1728 et
269 1671 426 1742 potiones
449 1677 484 1729 et
507 1660 675 1744 catapotlo
697 1675 882 1731 cethertice
905 1675 1039 1732 diverse

468 1763 511 1817 de
534 1762 785 1833 experimentis.

208 1915 354 1986 Quoniam
372 1915 524 1976 interdum
543 1933 592 1976 res
606 1917 737 1996 postulat
751 1923 780 1977 et
794 1934 849 1996 per
863 1916 960 1977 alvum
975 1916 1132 1980 detrahere
1153 1933 1168 1981 1

8 2057 9 2060 ,
117 2005 271 2068 materiam
294 2006 391 2064 omnis
416 2007 530 2065 umoris
552 2007 614 2066 sive
638 2005 780 2086 hydropis
804 2007 865 2066 sive
891 2005 1022 2067 diutinae
1046 2007 1133 2089 lippi-

8 2127 9 2162 ,
118 2092 232 2154 tudinis
255 2093 420 2154 secundum
444 2096 596 2172 sanguinis
621 2095 740 2174 quidem
764 2094 993 2176 detractionem,
1021 2105 1133 2175 quaet

8 2163 10 2192 '
119 2181 248 2242 scabiem
276 2191 306 2242 ct
331 2184 430 2262 ignem
453 2201 571 2244 sacrum
595 2191 625 2244 et
646 2183 769 2263 papulas
792 2182 971 2244 habentibus
995 2183 1133 2246 subveni-

8 2275 9 2280 ’
73 2269 105 2331 ’15
121 2281 169 2332 tur
195 2303 234 2315 -
257 2289 326 2330 nam
354 2273 480 2332 maxime
508 2271 697 2352 phlebotomo
725 2272 898 2333 huiusmodi
925 2273 1003 2333 circa
1032 2281 1133 2334 cutem

120 2378 264 2420 summam
287 2361 357 2420 vitia
381 2361 481 2421 innata
505 2361 647 2422 sedantur
668 2395 706 2404 -
719 2364 826 2442 itaque
844 2380 905 2422 non
923 2369 983 2422 tam
1003 2361 1132 2423 ahenum

119 2447 312 2510 iudicavimus
340 2448 449 2510 horum
478 2467 596 2529 quoque
629 2468 739 2528 genera
771 2469 933 2531 exponere,
967 2450 1019 2511 sed
1047 2453 1132 2531 prius

119 2538 260 2618 dicemus,
284 2556 359 2616 quae
383 2537 481 2598 alvum
503 2539 695 2600 mediocriter
718 2537 851 2600 molliant
872 2547 902 2639 et
921 2557 996 2618 quae
1016 2541 1077 2601 sint
1095 2541 1131 2602 ad

118 2627 174 2686 hoc
198 2625 343 2705 simplicia
365 2626 505 2687 remedia.

79 2735 106 2774 ao
206 2714 300 2774 Mollit
323 2733 394 2793 ergo
415 2715 512 2776 alvum
530 2715 623 2776 herba
641 2715 825 2777 Mercurialis
844 2715 959 2778 levibus
977 2716 1130 2780 holeribus
1149 2733 1165 2781 2

120 2802 355 2882 quamplurima
379 2805 478 2864 mixta.
517 2803 592 2864 item
615 2804 710 2865 mollit
733 2804 829 2865 alvum
853 2807 926 2867 nitri
948 2806 974 2866 X
998 2809 1130 2868 semissis

10 2956 12 2971 Ι
118 2893 227 2953 mixtus
251 2909 319 2950 cum
343 2893 442 2952 resina
464 2891 665 2954 terebinthina
689 2901 719 2954 et
741 2893 888 2955 avellanae
912 2897 998 2956 nucis
1019 2898 1130 2974 magni·

10 2980 12 2991 '
119 2980 221 3041 tudine
240 2979 405 3040 devoratus.
437 2979 542 3041 Gaulos
562 3001 681 3061 quoque
700 2981 723 3041 V
741 2983 788 3042 vel
806 2982 844 3043 Vl
863 3001 930 3044 cum
946 2983 1015 3044 salis
1029 2985 1130 3062 granis

118 3069 241 3130 totidem
269 3077 299 3128 et
326 3070 386 3147 apii
414 3071 526 3130 semine
549 3070 672 3148 paribus
695 3073 845 3132 mensuris
868 3073 985 3132 decocti
1007 3074 1038 3132 in
1062 3075 1129 3132 rino

207 3239 406 3295 2trocledidie
477 3239 731 3309 tdrhgent1es1me
753 3242 866 3311 scripsi:
889 3239 1128 3311 diligentissimos.

118 3317 134 3364 6
155 3308 257 3436 bnth'hi
262 3382 291 3436 et
305 3381 342 3436 ed
356 3382 428 3436 sales
443 3380 616 3436 conficienda
630 3383 659 3436 et
673 3381 800 3450 potiones
818 3384 846 3437 et
860 3382 1005 3452 catapotia
1019 3383 1129 3438 cather-

117 3443 175 3505 tres
192 3452 317 3507 remedie
335 3451 469 3522 phoenice
488 3455 518 3507 et
535 3451 716 3508 rationabilia
734 3452 845 3508 diverse
863 3453 899 3508 de
918 3471 980 3522 exp

207 3527 240 3576 15
258 3521 431 3592 phleutomo.
488 3529 521 3578 18
540 3541 611 3593 quae
630 3529 693 3580 cute
711 3525 806 3580 alvum
824 3540 874 3582 om.
925 3531 958 3580 21
978 3524 1129 3598 ititem]a.
