2636 3790
484 63 775 158 -43-'

1 315 2 330 ἢ
84 263 181 332 gatur.
221 251 339 312 Semina
364 252 463 313 salicis
486 257 615 316 contrito
640 263 729 333 caput
751 255 864 316 lautum
888 255 1021 316 luriures
1040 259 1099 318 cito
1121 269 1154 318 18

84 343 186 402 deicit.
224 339 285 401 022
309 339 471 418 gallinaceo
490 351 580 422 caput
598 343 724 424 inlinito,
747 353 850 422 postea
868 361 942 423 aqua
962 344 1008 404 221
1027 363 1099 406 2222
1122 359 1152 408 19

83 429 197 510 herbae
221 428 404 511 cyclaminis,
429 449 505 510 quae
529 431 705 492 orbicularis
728 432 851 512 dicitur,
879 441 969 511 caput
991 433 1099 494 lavato:

84 519 141 579 hoo
174 526 261 598 pacto
288 517 391 578 lendes
420 522 517 580 necati
545 520 621 581 ultra
650 539 709 582 non
734 529 940 581 renascuntur.
982 520 1099 582 Puerile
1118 535 1153 584 2ο

57 609 192 668 21211222
216 609 296 667 21122
320 605 483 668 admixtum
506 608 605 669 ulcera
630 627 705 688 quae
724 617 886 688 erumpunt
904 609 984 670 lauto
1003 613 1099 688 capite

82 699 160 756 mire
190 693 314 755 delinit:
346 705 502 774 expertum
535 698 708 758 remedium.
756 697 855 758 Cornu
885 700 1039 758 cervinum
1069 700 1151 760 1221

83 784 207 845 scobem
231 783 365 844 limatum
388 795 418 845 21
441 804 509 846 cum
533 788 601 846 vino
624 794 729 864 potum
756 785 858 847 lendes
886 795 990 846 enecat
1015 805 1099 847 rena·

82 876 189 953 scique
208 890 269 932 non
287 875 407 951 patitur.
443 873 565 935 Stercus
585 875 747 935 serotinum
766 876 834 934 vino
853 876 1010 934 inmixtum
1030 892 1098 936 22222
1119 889 1151 937 22

82 981 150 1024 2222
175 961 297 1041 liquida,
320 961 349 1022 id
374 970 420 1022 est
442 981 528 1022 rosae
552 981 633 1042 suco,
656 963 759 1023 lendes
778 963 1022 1042 pedunculosque
1041 963 1098 1024 dis-

45 1070 67 1108 22
81 1053 208 1112 2222121.
251 1049 331 1110 112112
360 1049 444 1110 vituli
472 1059 561 1130 caput
583 1059 764 1130 perunctum
786 1050 890 1112 lendes
912 1054 1098 1113 exterminat.
1117 1065 1151 1114 23

82 1141 236 1218 dxungiae
259 1140 369 1198 veleris
393 1143 553 1219 semuncia,
577 1144 638 1200 2221
662 1142 777 1219 2222121
798 1143 958 1221 semuncia,
981 1143 1097 1202 resinae
1117 1154 1151 1202 24

80 1227 254 1308 perlucidae
274 1229 434 1307 semuncia,
454 1227 592 1288 aluminis
611 1229 761 1290 infectorii
780 1231 940 1290 semuncia.
972 1229 1097 1291 Alumen

79 1328 162 1378 teres
191 1318 224 1376 in
251 1318 408 1396 mortario,
437 1325 537 1376 cetera
563 1319 626 1396 igni
652 1317 783 1378 resolves
811 1326 841 1378 et
869 1318 1033 1378 confundes
1064 1335 1097 1379 ac

79 1409 124 1468 sic
153 1404 214 1465 leni
242 1423 350 1483 vapore
379 1404 507 1466 delicere
535 1405 581 1466 vel
609 1409 735 1486 excoqui
763 1407 868 1487 lacios,
895 1415 929 1467 ut
957 1409 1097 1467 exomni

41 1515 65 1552 15
79 1495 271 1556 coniectione
298 1495 386 1553 uncia
413 1494 617 1554 medicaminis
644 1503 751 1575 restet,
779 1504 844 1557 tum
872 1502 961 1573 caput
984 1494 1097 1556 1221222

79 1584 242 1662 diligenter
268 1591 355 1660 atque
382 1585 526 1644 siccatum
553 1582 609 1644 boc
637 1583 831 1644 medicamine
855 1601 1005 1661 perunges
1030 1601 1097 1660 por·

79 1675 270 1750 riginemque
294 1671 446 1731 discuties.
489 1670 615 1732 scobem
639 1673 761 1732 citream
785 1690 821 1732 22
844 1689 919 1751 aqua
943 1671 1097 1731 2121222222
1118 1683 1151 1734 22

79 1763 174 1822 122122
197 1761 369 1838 nitrumque
394 1777 532 1838 asperges
555 1768 645 1838 atque
668 1760 737 1819 inde
766 1767 855 1838 caput
877 1761 1097 1838 porriginosum

80 1857 201 1929 oportet
224 1847 329 1908 122222.
371 1847 455 1908 Fimo
474 1847 586 1909 bubulo
610 1857 677 1908 usto
702 1865 807 1908 sucum
831 1847 916 1908 122122
940 1847 1098 1908 admisceri
1116 1862 1150 1912 26

39 1955 67 1995 so
81 1948 173 2017 atque
197 1937 266 1996 inde
286 1945 374 2016 caput
392 1939 613 2014 porriginosum
632 1935 723 1996 lavari
742 1943 867 2015 oportet.
911 1934 1097 2014 Porriginem
1116 1951 1150 1999 21

80 2026 289 2105 potentissime
312 2025 367 2085 hac
391 2026 510 2103 potione
539 2023 694 2104 purgabis:
722 2025 921 2084 rosmarinum
945 2032 1024 2084 teres
1048 2041 1095 2083 su·

81 2131 213 2192 cumque
241 2115 305 2174 eins
334 2115 401 2173 vino
430 2113 477 2173 221
504 2132 579 2192 aqua
608 2113 747 2192 scripulis
776 2111 872 2174 tribus
896 2111 979 2173 dabis
1003 2115 1096 2191 potui,

82 2203 134 2264 sed
163 2203 217 2280 qui
245 2204 335 2262 sumit
367 2219 458 2280 supra
487 2201 577 2262 limen
605 2203 728 2263 adsistat
755 2201 844 2280 idque
873 2201 973 2262 triduo
1001 2201 1096 2262 122121.

81 2291 230 2352 Fraxineo
249 2291 350 2350 cinere
369 2289 497 2350 lixiviam
516 2299 662 2351 maturam
682 2292 770 2350 nimis
789 2291 879 2350 iacies
899 2308 992 2369 eaque
1007 2297 1097 2369 caput
1116 2303 1150 2352 28

44 2380 194 2441 2212221212
222 2380 252 2438 12
281 2377 399 2458 balneo,
428 2378 505 2458 quod
535 2397 602 2440 cum
634 2382 804 2460 siccaveris,
834 2397 975 2457 saponem
999 2387 1096 2440 2122·

82 2471 164 2548 genti
183 2485 318 2545 spumam
338 2474 476 2527 conteres
495 2485 590 2546 coque
607 2477 697 2546 caput
711 2467 887 2546 perfricabis
902 2469 1096 2547 porriginem·

82 2576 139 2636 que
164 2554 385 2636 exterminabis,
413 2557 440 2615 si
462 2557 553 2634 capiti
576 2555 656 2616 lauto
680 2565 768 2634 atque
792 2558 902 2616 siccato
925 2556 982 2616 boc
1006 2555 1096 2615 medi·

82 2663 186 2706 camen
215 2643 377 2704 addideris:
405 2643 509 2704 Cretae
534 2643 673 2704 Cimoliae
697 2643 728 2706 P.
750 2644 776 2724 l,
805 2647 878 2705 nitri
906 2643 1097 2704 Alexandrini

80 2734 111 2795 P.
131 2733 153 2814 l,
179 2731 332 2812 sulphuris
355 2734 412 2792 vivi
430 2731 461 2792 P.
481 2731 506 2812 l3
530 2732 603 2793 baec
627 2735 723 2794 omnia
746 2733 913 2801 tunduntur
932 2742 1021 2812 atque
1040 2734 1096 2792 cri-

44 2824 209 2884 2212222122
232 2829 263 2882 21
285 2823 376 2900 222111
397 2823 585 2899 porriginoso
608 2823 800 2901 inponuntur.
837 2820 1150 2882 111211Ρ2212122-29

81 2915 159 2973 21222
189 2929 226 2970 22
253 2917 336 2970 aceto
365 2911 504 2988 coquitur
532 2919 563 2970 et
591 2928 681 2970 sucus
707 2913 771 2972 eius
796 2912 885 2990 capiti
908 2911 1096 2988 porriginoso

81 3001 237 3080 inponitur
260 3007 290 3058 et
313 2997 486 3076 frequenter
510 2997 656 3077 abluitur,
680 3001 721 3060 ila
745 3007 779 3060 ul
802 3007 832 3059 21
854 3001 952 3077 ipsum
976 3015 1095 3076 pomum

81 3096 239 3150 excoctum
263 3094 375 3146 teratur
400 3094 430 3146 21
454 3088 496 3146 212
520 3089 713 3164 exprimatur.
747 3087 853 3147 21221121
874 3086 1150 3146 222221122222-30

81 3187 131 3238 122
155 3179 281 3254 eiusque
300 3173 431 3253 pulveris
455 3173 577 3235 cribrati
601 3209 637 3218 -—
654 3175 675 3255 l,
699 3175 854 3236 2121222122
877 3207 914 3218 ·-
931 3173 971 3233 111
994 3175 1095 3234 2222211-

2 3224 4 3303 1
46 3275 126 3327 2122
149 3268 183 3326 in
206 3261 341 3324 212181
365 3263 523 3324 2122112122
542 3263 633 3342 gallae
653 3273 758 3325 tunsae
778 3265 958 3324 semunciam
977 3260 1096 3320 1211222-

154 3458 171 3507 6
191 3449 292 3507 delinit
310 3452 423 3521 scripsi:
447 3450 594 3506 deliniunt.
