2636 3790
517 99 737 163 -51-

120 279 225 321 omnes
248 259 372 321 sanabit.
415 259 517 340 Capilli
542 268 571 320 et
594 260 702 321 barbae
727 270 887 322 nascentur
911 264 998 323 etiam
1022 261 1134 345 glabro,
1153 276 1187 326 23

120 352 145 409 si
174 349 321 410 lichenem
350 350 439 429 asini,
471 347 500 408 id
529 355 575 408 est
603 348 806 410 collectionem
836 350 953 430 duram,
984 370 1059 430 quae
1088 357 1135 412 est

119 441 200 498 circa
223 455 311 499 crura
335 439 409 516 eius,
433 436 589 497 comburas
613 446 643 498 et
666 447 745 498 teras
769 447 797 498 et
817 437 969 517 pulverem
990 439 1072 500 illum
1097 459 1138 501 ex·

119 526 185 586 oleo
212 534 312 587 vetere
341 527 474 605 inponas.
518 524 579 586 lloc
609 528 648 586 ita
677 526 805 587 validum
829 536 887 606 est,
912 537 944 588 ut
968 530 994 588 si
1017 529 1134 589 mulieri

91 616 189 676 sinde
217 613 363 674 maxillam
393 615 528 696 unxeris,
560 613 667 674 barbas
696 617 723 674 ei
755 617 837 676 nasci
865 617 950 676 scias.
996 615 1134 678 Erinacei
1152 629 1187 680 24

118 711 262 783 caputet
285 701 423 781 pellicula
446 701 599 764 combusta
623 705 758 782 cinisque
787 706 814 764 ei
840 703 955 765 adiecto
980 703 1064 764 melle
1088 707 1132 764 in·

117 793 190 854 litus
209 791 349 871 alopeciis
368 793 428 851 cito
447 790 577 870 prodest.
615 790 709 871 Caput
728 799 827 854 autem
846 794 911 852 eius
930 810 983 870 per
1003 810 1034 852 se
1054 810 1132 852 com·

117 881 242 941 bustum
271 887 301 939 et
329 880 444 939 adiecta
467 881 561 958 ipsius
585 879 670 959 adipe
695 881 770 940 cinis
793 879 842 940 ille
866 880 1006 960 alopeciis
1029 880 1131 941 inlitus

117 973 207 1030 etiam
227 970 409 1029 cicatricosis
428 968 499 1028 lacit
518 967 594 1046 pilos
613 971 737 1029 renasci.
772 968 858 1039 Quod
878 971 903 1029 si
924 976 1019 1029 totum
1034 971 1131 1048 ipsum

8 1070 11 1156 p
77 1075 102 1114 ιο
117 1061 186 1137 quis
211 1065 315 1118 exurat
337 1065 367 1117 et
390 1055 542 1136 pulverem
566 1058 631 1117 eius
655 1056 731 1118 bene
755 1059 859 1118 tritum
883 1075 951 1119 cum
975 1057 1060 1137 adipe
1083 1075 1131 1119 ur·

9 1167 10 1172 ¹
116 1149 183 1207 sina
206 1145 288 1206 calvo
312 1145 348 1205 ad
372 1147 523 1224 integrum
546 1147 636 1224 capiti
660 1147 790 1226 inponat,
814 1146 953 1206 decorem
972 1147 1132 1225 pristinum

9 1244 10 1254 ¹
116 1236 259 1295 restituet
282 1232 465 1312 capillorum.
498 1233 541 1293 Ad
564 1236 675 1294 tineam
694 1234 869 1296 curandam:
894 1234 1052 1315 sulphuris
1072 1235 1131 1294 riri
1149 1245 1183 1294 25

118 1357 157 1365 —
179 1322 215 1405 ll,
239 1321 308 1383 salis
332 1323 448 1382 fossicii
473 1353 511 1364 —
532 1320 558 1402 l,
581 1331 669 1382 tunsa
692 1330 722 1382 et
745 1322 874 1384 cribrata
897 1323 970 1383 haec
993 1341 1060 1383 raso
1084 1340 1130 1383 ca·

115 1414 174 1491 piti
202 1421 231 1472 et
258 1411 319 1471 loto
347 1413 378 1470 in
407 1410 513 1471 balneo
541 1410 732 1492 confricabis,
761 1413 802 1471 ita
830 1419 864 1472 ut
891 1413 976 1490 prius
1005 1412 1041 1472 de
1065 1410 1130 1472 oleo

74 1515 100 1556 15
116 1500 202 1561 locus
226 1501 331 1579 capitis
354 1501 490 1560 tineosus
513 1507 698 1578 perungatur
721 1507 752 1560 et
775 1501 818 1560 sic
838 1499 936 1580 pulvis
954 1502 1011 1560 iste
1031 1517 1130 1578 asper·

115 1597 204 1668 gatur
233 1596 262 1648 et
289 1587 340 1648 diu
369 1588 507 1667 fricetur,
535 1606 691 1666 quousque
720 1587 853 1666 liquefiat
883 1588 991 1648 sudore
1015 1589 1129 1665 capitis.

115 1677 180 1738 Hoc
204 1677 291 1737 modo
315 1678 393 1737 intra
417 1694 469 1736 sex
493 1675 557 1736 dies
581 1675 734 1736 curabitur
758 1678 844 1737 tinea.
884 1675 968 1737 Facit
990 1676 1046 1736 hoc
1071 1694 1130 1735 me·

115 1766 253 1826 dicamen
276 1773 306 1825 et
329 1764 365 1825 ad
389 1763 550 1844 scabiosos,
578 1763 701 1843 prodest
729 1764 837 1844 ethis,
861 1763 971 1844 quibus
994 1763 1130 1844 pustulae

116 1862 283 1914 nascuntur
311 1855 342 1913 in
372 1853 447 1914 lacie
475 1860 625 1932 tamquam
649 1851 868 1931 elephantiacae
892 1851 1043 1913 rubentes.
1086 1851 1130 1912 ad
1149 1863 1183 1913 26

75 1959 101 1999 so
115 1941 240 2022 capillos
259 1944 311 2020 qui
329 1950 397 2020 post
415 1941 618 2002 infirmitatem
638 1940 778 2001 decidunt
793 1941 1012 2001 confirmandos
1031 1940 1131 2001 cedria

116 2039 147 2092 et
175 2031 240 2091 oleo
267 2032 332 2108 pari
359 2029 491 2108 pondere
519 2031 611 2090 mixto
639 2028 762 2089 adsidue
790 2047 842 2090 eos
866 2047 944 2108 unge
973 2037 1003 2089 et
1025 2028 1131 2088 leviter

114 2121 248 2199 pectina:
271 2117 405 2178 laudabis
429 2118 574 2178 ellectum.
614 2118 658 2178 Ad
682 2116 804 2196 capillos
828 2118 1000 2178 decidentes
1023 2117 1128 2177 confir·
1149 2129 1183 2178 2⁷

114 2207 253 2269 mandas:
284 2207 406 2285 Adipem
440 2207 571 2266 ursinam
600 2225 668 2266 cum
696 2205 801 2266 ladano
824 2205 964 2267 miscebis
987 2214 1018 2266 et
1040 2214 1130 2286 caput

114 2313 266 2376 perunges
294 2294 340 2354 vel
362 2294 427 2355 loca
450 2293 644 2355 defluentium
663 2293 837 2373 capillorum
856 2304 907 2355 aut
925 2294 1022 2355 ladani
1040 2297 1128 2355 uncia

75 2403 100 2443 ss
114 2403 175 2446 una
203 2392 233 2444 et
260 2383 393 2444 oenelaei
420 2384 517 2443 unciis
546 2381 661 2444 duabus
689 2384 768 2443 tritis
798 2392 829 2444 et
855 2386 1010 2464 permixtis
1039 2391 1129 2462 caput

113 2490 296 2553 perungues.
330 2472 374 2532 Ad
392 2471 519 2532 fluentes
538 2471 671 2550 capillos:
693 2471 819 2532 Scobem
838 2471 875 2533 de
894 2490 988 2533 cornu
1007 2473 1127 2532 cervino
1147 2481 1180 2531 28

113 2563 263 2642 permisce
292 2579 360 2621 cum
389 2561 501 2620 semine
529 2562 618 2639 myrti
641 2563 742 2639 nigrae
768 2560 883 2621 adiecto
914 2559 1022 2640 butyro
1051 2559 1128 2620 oleo-

114 2669 173 2730 que
199 2657 229 2710 et
252 2651 342 2728 capiti
364 2666 431 2708 raso
456 2648 630 2708 densissime
654 2648 766 2729 obline3
790 2651 877 2710 etiam
903 2667 938 2708 ex
957 2649 1128 2710 infirmitate
1152 2691 1154 2700 .

7 2764 9 2797 ;
112 2738 243 2800 fluentes
275 2737 396 2816 capillos
429 2736 589 2797 efficaciter
621 2736 795 2798 continebis.
841 2737 1027 2798 sandaracha
1059 2755 1128 2797 cum
1147 2747 1180 2796 29

8 2830 9 2843 ¹
74 2843 99 2883 eo
114 2834 199 2888 aceto
222 2829 338 2886 incocta
367 2832 397 2886 et
425 2824 577 2903 emplastri
604 2843 686 2886 more
714 2827 843 2905 inposita
870 2825 1011 2886 liuentem
1040 2824 1127 2903 capil-

113 2915 176 2976 lnm
200 2914 378 2974 validissime
403 2913 516 2974 solidat.
563 2913 595 2974 Si
619 2916 686 2992 quis
709 2914 862 2975 maleficiis
885 2913 1006 2993 capillos
1029 2912 1127 2992 perdi·
1146 2923 1181 2972 30

113 3004 207 3084 derit,
234 3003 289 3064 hac
313 3021 364 3063 eos
388 3002 423 3062 ad
446 3003 602 3080 pristinam
626 3003 750 3063 formam
773 3005 886 3063 ratione
910 3001 1074 3082 reparabit,
1102 3003 1129 3062 si

112 3092 259 3152 lacertum
283 3091 393 3152 salsum
417 3098 596 3152 martensem
619 3110 687 3152 cum
711 3094 880 3172 suocapite
905 3099 935 3152 et
952 3090 1035 3151 lanae
1057 3108 1127 3169 pur·

111 3197 225 3260 pureae
253 3181 363 3259 optime
391 3181 422 3242 in
451 3179 604 3259 conchylio
632 3182 742 3240 tinctae
766 3179 839 3240 duas
862 3179 967 3258 ligulas
991 3189 1020 3239 et
1043 3178 1127 3238 char-

74 3285 99 3327 es
113 3279 176 3330 tam
205 3267 342 3330 cubitalis
372 3285 530 3329 mensurae
560 3271 718 3347 separatim
746 3267 902 3328 comburat
934 3268 1126 3341 cineremque

111 3357 292 3437 permisceat
314 3363 507 3435 conteratque
528 3373 596 3416 cum
616 3355 680 3416 oleo
699 3355 821 3416 cedrino
840 3354 982 3434 paulatim
1001 3351 1125 3431 adiecto,

110 3454 147 3507 ut
171 3445 399 3507 crassitudinem
423 3443 503 3505 velut
531 3443 653 3523 glutinis
676 3443 779 3522 iaciat,
807 3458 902 3520 eoque
931 3437 1125 3499 medicamine

914 3542 931 3589 4
938 3535 952 3568 *
