2540 3802
538 171 577 180 -
624 135 779 199 240-

152 317 241 378 quam
265 298 355 358 alium
378 298 537 358 manducet
559 298 674 357 inlusos
698 299 729 357 iu
753 316 841 377 aqua,
865 315 940 376 quos
961 298 1096 357 iucoetos
1124 297 1172 358 rel

152 397 214 447 tres
242 395 293 448 aut
320 406 356 447 eo
384 385 524 466 amplius,
552 385 631 464 quod
660 395 759 446 tamen
787 403 847 446 non
871 388 910 446 sit
933 387 1071 465 nimium,
1101 388 1170 446 sine

152 493 228 554 pane
251 476 430 536 manducare
454 474 550 536 debet.

98 579 133 629 55
241 564 318 625 NItri
345 564 405 625 albi
431 563 603 625 matronalis
626 563 733 642 pilulas
757 565 889 643 quinque
917 561 963 622 vel
991 570 1107 640 septem
1139 565 1173 623 in

153 660 236 715 aceto
265 655 410 714 aoerrImo
440 652 549 733 solves,
578 671 614 713 ex
643 672 701 731 quo
731 651 862 731 singulos
890 651 1011 730 cyathos
1037 669 1092 729 per
1116 654 1201 712 tri-6

100 757 134 806 67
154 743 246 803 duum
274 742 387 803 lienoso
411 743 512 802 ieiuno
535 740 680 802 bibendos
703 740 795 801 dahis.
837 739 936 800 herba
958 741 1108 800 vettonica
1133 759 1172 800 ex

155 834 222 892 vino
246 830 368 892 decocta
392 839 422 891 et
444 833 529 908 potui
551 830 672 891 lienosis
696 832 763 891 data
785 829 949 908 plurimum
972 828 1103 908 prodest.

98 931 133 980 58
242 919 275 980 Si
298 922 365 998 quis
388 919 425 980 de
449 919 551 998 splene
574 922 649 980 asini
667 919 796 980 arefacto
816 917 937 979 cottidie
956 919 1076 978 ieiunus
1095 935 1170 996 pau-

152 1009 251 1070 sillum
274 1009 441 1088 manducet,
464 1011 505 1068 ita
528 1015 667 1087 potenter
690 1007 851 1088 sanabitur,
874 1016 908 1067 ut
930 1009 1009 1066 intra
1032 1006 1171 1067 triduum

99 1108 132 1158 69
153 1097 265 1158 utilitas
292 1097 418 1156 remedii
446 1097 535 1157 huius
563 1104 711 1176 appareat.
757 1096 856 1157 Herba
878 1095 1014 1174 hippuris
1038 1097 1171 1156 contrita
1187 1111 1217 1152 1o

152 1194 182 1244 et
205 1202 274 1245 cum
297 1186 365 1243 vino
389 1191 509 1244 austero
533 1192 585 1245 aut
607 1203 676 1245 oum
699 1184 826 1264 oxymeli
853 1187 937 1264 potui
967 1184 1034 1244 data
1061 1191 1169 1262 poten-

99 1274 268 1332 entissime
296 1270 418 1332 lienosis
442 1274 599 1332 succurrit.
641 1272 776 1333 Hederae
799 1272 948 1334 silvaticae
971 1275 1073 1350 nigrae
1098 1272 1171 1333 folia

154 1361 282 1420 contrita
301 1367 331 1420 et
349 1379 386 1420 ex
400 1361 468 1419 vino
484 1362 568 1439 potui
582 1361 649 1420 data
663 1360 785 1421 lienosis
799 1363 927 1422 maxImn
941 1361 1049 1422 auxilio
1069 1370 1170 1442 erunt,

153 1451 194 1509 ita
212 1456 247 1508 ut
264 1449 361 1528 primo
380 1448 428 1508 die
445 1450 511 1529 tria,
530 1448 637 1510 deiude
652 1451 793 1531 quinque,
812 1452 901 1510 tertio
916 1457 1040 1529 septem,
1060 1458 1170 1528 quarto

153 1556 268 1619 novem,
288 1539 391 1615 quinto
406 1537 554 1618 undecim,
574 1547 657 1599 sexto
671 1538 825 1617 tredecim,
845 1541 971 1617 septimo
987 1537 1211 1620 qulndecim,16

154 1635 256 1689 octavo
280 1625 368 1709 XVII,
391 1645 470 1686 nono
493 1626 608 1708 XVIIII,
631 1626 746 1688 decimo
770 1626 838 1687 XXI
861 1627 978 1688 dentur.

100 1728 133 1776 61
242 1713 438 1776 UtilisSImum
461 1715 582 1776 lienosis
605 1717 662 1776 hoc
680 1716 847 1777 remedium
866 1723 924 1776 est:
948 1714 1060 1794 Caprae
1078 1715 1170 1776 lacta·

153 1823 202 1865 res
230 1804 418 1865 abstinentur
446 1823 462 1865 a
490 1804 557 1865 ciho
589 1823 644 1884 per
675 1805 825 1885 triduum,
857 1805 946 1864 tertio
979 1803 1027 1865 die
1055 1803 1171 1865 hedera

153 1894 357 1954 tantummodo
388 1900 560 1955 saturantur
587 1901 618 1954 et
642 1892 831 1974 mulguntur,
863 1899 1022 1971 antequam
1049 1891 1170 1974 bibant,

152 1984 179 2042 si
211 2000 247 2042 ex
280 2001 315 2042 eo
347 1982 423 2043 lacte
456 1984 601 2043 sextarios
631 1989 694 2043 tres
721 2000 776 2060 per
803 1981 936 2041 triduum
964 1979 1076 2041 calidos
1110 1990 1171 2042 sta·
1185 1997 1212 2036 ao

153 2072 220 2152 tim,
250 2070 397 2149 quomodo
426 2070 515 2131 mulsi
546 2071 673 2150 luerint,
703 2072 821 2130 ieiunus
853 2069 985 2128 lienosus
1017 2072 1171 2148 acceperit

151 2162 205 2240 ita,
230 2169 263 2219 ut
287 2158 384 2220 nullos
411 2158 483 2218 alios
512 2158 595 2218 cibos
622 2158 672 2218 Illo
701 2158 801 2219 triduo
827 2157 999 2238 manducet,
1026 2165 1170 2237 potenter

151 2246 313 2308 sanabitur.

99 2347 133 2397 62
241 2335 374 2396 Irenacei
401 2334 461 2394 lien
484 2353 568 2395 assus
591 2337 623 2393 in
647 2333 713 2395 cibo
737 2342 874 2413 sumptus
897 2333 1044 2395 lienosum
1067 2334 1168 2395 effica-

98 2436 132 2486 66
152 2424 227 2483 citer
251 2441 356 2483 curare
375 2424 479 2483 Iertnr.
516 2421 695 2500 Vulpeculae
715 2425 804 2484 etiam
822 2425 906 2484 iecur
924 2423 1041 2483 aridum
1060 2425 1168 2484 tritum
1183 2439 1212 2480 25

99 2523 134 2572 64
153 2529 221 2570 cum
249 2511 376 2590 oxymeli
403 2512 504 2572 datum
534 2511 655 2572 lienosis
687 2513 762 2572 mire
795 2510 940 2573 medetur.
991 2510 1168 2573 Coclearum

153 2597 376 2660 combustarum
396 2601 471 2660 einis
495 2619 563 2660 cum
586 2599 640 2660 lini
664 2601 776 2660 semine
800 2607 889 2679 atque
913 2601 1027 2660 urticae
1051 2602 1167 2661 semine

154 2689 243 2749 tritus
262 2687 378 2748 adiecto
398 2687 493 2769 melle,
517 2688 596 2766 quod
616 2691 688 2748 satis
707 2687 864 2769 videbitur,
888 2688 1010 2749 adsidue
1029 2707 1046 2748 a
1064 2690 1166 2748 ieiuno

99 2789 133 2836 66
154 2776 266 2836 llenoso
290 2783 431 2854 acceptus
454 2777 532 2837 intra
555 2794 666 2856 paucos
688 2777 751 2837 dies
770 2793 839 2837 eum
858 2776 980 2838 sanabit.
1018 2776 1166 2838 Lienosus

153 2865 272 2944 oxylera
295 2863 417 2924 adsidue
441 2863 544 2925 bibere
568 2864 657 2926 debet
680 2872 710 2926 et
733 2865 804 2925 dnm
827 2873 959 2946 curatur,
978 2867 1009 2925 in
1028 2871 1165 2926 ventrem
1180 2881 1208 2922 so

98 2965 132 3014 66
153 2951 241 3013 dehet
263 2955 369 3013 iacere.
406 2952 483 3013 Iluta
502 2971 571 3014 cum
589 2952 675 3032 adipe
694 2956 831 3015 anserino
851 2953 897 3014 vel
915 2953 1075 3032 gallinaceo
1094 2971 1166 3014 con·

99 3055 133 3104 57
153 3044 222 3102 trita
246 3060 343 3121 panno
367 3041 488 3102 inducta
512 3052 541 3102 et
564 3042 634 3102 lieni
659 3044 787 3122 inposita
806 3043 889 3103 sedat
908 3043 1048 3104 dolorem.
1082 3041 1165 3103 Ster-

154 3149 208 3192 cus
226 3149 374 3210 aprunum
389 3132 502 3192 siccum
517 3133 680 3192 contritum
694 3150 730 3191 ex
744 3133 812 3192 uiuo
826 3133 911 3210 potui
925 3131 1026 3192 datum
1040 3130 1166 3210 pulchre

152 3239 213 3281 non
236 3219 333 3281 solum
356 3219 476 3303 splenis,
499 3220 552 3281 sed
575 3228 605 3280 et
628 3222 746 3281 renium
769 3219 864 3281 dolori
887 3220 1031 3280 medetur.

243 3362 275 3410 11
300 3355 440 3426 oxymelli.
497 3362 529 3410 19
552 3356 717 3426 mulgtmtnr
736 3354 805 3424 (sie).
860 3359 895 3408 20
912 3353 1049 3424 triduum]
1069 3351 1167 3410 duum.

153 3431 188 3480 24
205 3426 349 3484 ireneaeei.
413 3432 447 3482 26
466 3442 563 3482 curere
580 3427 682 3498 fertur]
700 3441 811 3480 arenrre
828 3425 955 3479 refertur.
1017 3423 1164 3492 vnlpiouli.

154 3500 188 3548 26
207 3498 337 3554 oximelli
410 3503 444 3551 26
464 3497 583 3554 edleeto.
655 3504 689 3552 29
709 3497 846 3564 acceptos.
918 3494 1107 3548 semenator.
