2636 3790
493 157 714 222 ..65-

87 319 244 399 physica
278 319 431 380 diversa.
484 319 527 380 ta
560 319 696 380 lacrimas
730 328 760 381 et
791 327 924 382 tumores
957 321 1111 386 oculorum
1131 337 1166 387 2ο

88 409 284 488 lippientium
313 407 537 486 restringendus
566 415 765 470 atramentum
795 413 983 491 sutoricium,
1011 412 1040 472 id
1067 422 1113 474 est

89 497 305 558 chalcanthum
325 496 417 556 viride
438 499 593 576 cyprinum
614 497 721 558 tondes
741 505 770 558 ει
790 497 935 558 cribrabis
954 509 984 560 et
1003 501 1112 563 lactum

91 585 305 646 mollissimum
327 584 480 663 pulverem
504 603 539 644 ex
563 587 611 645 ori
633 588 744 646 incocti
763 585 838 666 albo,
860 586 890 646 id
914 599 960 648 εει
982 587 1112 671 lacrimo,

61 695 75 734 a
91 691 279 754 consperges
299 683 328 733 et
347 673 437 733 iacies
456 673 586 754 collyria,
611 691 685 752 qnae
705 676 735 734 in
755 674 859 734 umbra
880 675 1005 736 siccabis
1024 685 1112 757 atque

88 763 164 823 inde
187 761 344 842 palpebras
364 763 491 840 inunges
515 769 545 822 et
567 769 701 840 tempora
720 763 836 824 inlines.
874 763 906 824 st
925 782 960 824 ex
979 775 1112 826 reumate

88 851 217 923 lacrima
243 850 395 912 abundans
419 858 478 931 est,
506 852 554 910 ovi
576 849 642 910 albo
666 850 821 930 collyrium
845 852 1034 931 temperabis.
1081 853 1113 914 Si

89 939 242 1020 lippitudo
267 947 296 1000 et
320 941 472 1018 sanguinis
496 939 606 1000 inlusio
630 947 689 1020 est,
713 957 748 999 ex
772 949 855 1000 aceto
880 941 1059 1021 temperabis
1083 951 1113 1002 et

90 1030 227 1106 desuper
250 1027 352 1088 ocellos
377 1027 575 1108 circumlines,
599 1029 640 1088 ita
665 1036 697 1088 ut
721 1027 794 1088 nibil
816 1031 943 1090 interius
965 1030 1001 1090 de
1021 1031 1113 1092 medi·

51 1119 211 1178 1ocamine
230 1117 429 1197 ingrediatnr3
448 1125 581 1195 tempora
601 1133 719 1195 quoqne
738 1115 865 1178 dolentis
885 1119 989 1180 eodem
1008 1138 1111 1200 super·

91 1207 179 1267 lines.
225 1205 361 1266 Brassica
389 1205 481 1266 cruda
510 1207 579 1265 trita
608 1222 676 1265 cum
700 1223 774 1283 pane
798 1206 923 1268 candido
947 1208 1111 1270 madefacto
1131 1220 1164 1270 21

92 1294 219 1355 subacta
247 1313 280 1354 ac
307 1295 399 1354 tronti
422 1293 504 1354 inlita
533 1293 665 1354 dolorem
693 1293 848 1356 oculorum
875 1297 1036 1376 plurimum
1065 1317 1111 1359 re·

91 1383 181 1446 levat.
227 1381 409 1444 Medicamen
438 1383 473 1442 ad
498 1381 617 1443 oculum
641 1383 755 1444 diutina
778 1383 955 1464 lippitudine
980 1386 1026 1447 vel
1048 1389 1109 1467 'epi-
1130 1400 1164 1448 22

91 1473 190 1551 phora
223 1471 405 1532 laborantem
432 1473 612 1532 intrinsecus
641 1471 820 1534 curandum:
852 1472 972 1553 Lapidis
999 1479 1111 1554 gagatis

51 1553 135 1648 159·
171 1559 211 1620 lll
242 1561 369 1642 tondes,
407 1559 552 1620 cribrabis
590 1569 620 1620 et
652 1579 727 1640 aqua
760 1561 880 1640 pluviali
912 1562 957 1622 vcl
992 1564 1111 1624 lontana

92 1667 290 1729 consparsum
318 1649 472 1729 pulverem
495 1648 640 1727 liquidum
663 1649 767 1728 lacieS,
798 1648 905 1710 deinde
929 1652 960 1710 in
984 1651 1111 1729 ampulla

92 1742 189 1799 vitrea
222 1755 363 1819 repones3
396 1756 464 1798 cum
497 1755 619 1798 necesse
653 1738 756 1818 luerit,
788 1739 878 1815 pinna
911 1737 1038 1816 aquilina
1066 1739 1112 1799 vel

93 1826 264 1888 columbina
288 1826 470 1887 laborantem
494 1825 613 1886 ocnlum
637 1828 800 1903 inungucs:
829 1843 887 1903 quo
912 1826 988 1886 lacto
1012 1836 1041 1887 et
1065 1845 1111 1888 cs-

92 1917 217 1995 liginem
236 1924 266 1976 et
283 1915 415 1976 inlusum
430 1917 603 1993 sanguinem
618 1912 771 1992 absterges
786 1912 1002 1993 clarioremque
1017 1917 1111 1977 visum

54 2027 79 2065 ao
94 2007 245 2066 restitues.
291 2003 414 2064 Dolores
441 2003 595 2064 oculorum
620 2010 753 2082 tempore
777 2001 884 2062 hiemis
907 2002 1017 2080 frigore
1042 2022 1109 2064 con·
1129 2017 1164 2066 23

94 2100 212 2154 tractos·
232 2091 359 2172 qualiter
382 2094 488 2153 curar'c
512 2091 633 2152 debeas:
657 2089 805 2152 Concham
830 2107 946 2151 aeream
970 2091 1006 2152 de
1025 2091 1112 2153 melle

95 2181 161 2242 albo
182 2181 301 2242 abintus
320 2199 454 2260 perunge
473 2187 565 2241 totam
585 2180 768 2260 eandemque
786 2197 875 2258 supra
895 2190 1028 2258 gastrum
1048 2181 1113 2242 lotii

94 2270 189 2332 virilis
219 2289 255 2331 ex
284 2289 317 2330 ea
346 2279 442 2350 parte,
476 2287 532 2348 qua
561 2268 647 2329 melle
675 2269 758 2329 inlita
787 2277 845 2349 est,
878 2287 1047 2349 superpone
1075 2269 1111 2332 ad

95 2359 201 2420 lotium
230 2377 334 2420 versus
363 2368 394 2419 et
416 2376 470 2436 per
493 2357 556 2418 dies
579 2356 661 2417 XXX
684 2357 729 2418 bis
753 2357 855 2418 indie
879 2356 983 2420 lotium
1007 2361 1112 2438 agitari

58 2468 82 2510 25
96 2449 199 2530 facito,
229 2457 262 2509 ut
285 2450 381 2508 omnis
404 2447 478 2507 odor
501 2446 547 2506 rel
570 2445 705 2506 acritudo
728 2447 793 2506 lotii
816 2455 846 2507 et
869 2449 964 2508 virtus
987 2450 1052 2509 eius
1075 2448 1111 2509 ad

96 2537 154 2598 mel
182 2540 213 2597 in
242 2536 354 2597 concha
381 2535 514 2615 haereat,
542 2542 644 2613 postea
668 2535 755 2596 rades
779 2535 921 2595 concham
945 2538 1054 2619 ipsam,
1081 2537 1110 2597 id

96 2635 142 2687 est
166 2625 246 2704 qnod
269 2624 356 2686 melle
380 2623 496 2685 inlitum
521 2623 626 2703 suerat,
650 2633 680 2684 et
703 2641 836 2685 rasuram
858 2624 966 2686 tundes
985 2627 1015 2685 in
1034 2643 1111 2686 mor·

96 2717 172 2776 tario
196 2721 227 2774 ct
250 2713 395 2775 cribrabis
419 2713 470 2774 diu
495 2720 524 2772 et
547 2729 675 2790 repones
694 2715 725 2773 in
743 2712 871 2792 ampulla
890 2712 935 2773 vel
954 2715 1046 2774 vitrea
1066 2714 1111 2774 rel

97 2821 219 2884 cyprea3
242 2814 311 2863 curm
333 2820 455 2863 necesse
475 2801 574 2880 luerit,
598 2819 633 2861 ex
652 2801 738 2862 melle
758 2800 938 2881 temperabis
957 2809 987 2863 et
1005 2804 1111 2864 intrin-

61 2912 84 2952 eo
98 2911 185 2954 secus
214 2891 334 2952 oculum
357 2908 519 2970 perunges3
548 2889 681 2950 mirabile
705 2890 870 2951 remedium
894 2893 1056 2970 experieris
1080 2893 1111 2951 in

97 2979 235 3042 omnibus
255 2980 348 3041 lerme
368 2979 521 3040 oculorum
537 2980 624 3040 etiam
639 2979 824 3058 gravioribus
840 2981 945 3040 causis.
974 2979 1111 3062 Gramen,
1131 2992 1166 3041 24

98 3069 176 3150 qnod
201 3071 231 3129 in
256 3087 371 3129 summo
396 3067 551 3129 trisulcum
575 3066 703 3148 habebit,
727 3068 919 3129 decrescente
942 3067 1011 3129 luna
1035 3069 1111 3130 radi·

98 3161 175 3220 citus
199 3157 347 3218 sublatum
373 3175 460 3237 quam
483 3155 645 3236 plurimum
668 3175 793 3238 repone,
819 3157 926 3217 deinde
950 3175 986 3217 ex
1010 3157 1111 3218 miultis

97 3266 189 3308 unum
218 3249 389 3327 auspicante
420 3244 596 3326 lippitudine
625 3243 660 3304 ad
684 3244 793 3306 collum
817 3244 944 3324 subliga,
973 3244 1112 3304 celeriter

171 3452 345 3522 lphoesica.
404 3451 641 3520 trefringandos.
702 3449 866 3505 acribabis.
937 3451 968 3499 11
989 3445 1111 3501 condito.

101 3531 132 3580 ll
150 3523 238 3594 pinna
257 3529 272 3578 1
279 3541 306 3578 m
322 3539 416 3594 penna
434 3529 493 3580 2oa.
854 3554 857 3560 ·

150 3621 313 3675 mnemon,
327 3632 366 3663 no.
381 3623 537 3662 Hnnrnumcrr.
936 3607 953 3656 ὅ
