2564 3794
548 151 789 216 —166—

157 315 288 376 eduntur
310 314 400 392 idque
424 315 525 373 vinum
548 315 637 374 etiam
656 331 771 373 merum
791 319 924 390 potatum
944 313 1175 390 sanguinulenta
1264 307 1265 314 '

103 416 137 465 81
158 402 366 464 excreantibus
388 402 519 481 prodest.
559 401 721 479 coagulum
745 402 899 461 cervinum
922 402 983 461 sive
1003 400 1175 480 leporinum

157 493 219 552 sive
243 491 402 551 haedinum
425 492 456 551 in
479 491 601 569 potione
625 489 755 550 solutum
779 487 892 550 bibitur
916 488 1030 549 utiliter
1054 489 1091 550 ab
1112 509 1174 552 em·

157 581 251 660 pyicis
272 579 321 644 ,rel
344 581 544 659 aemoptpicis,
568 579 681 639 cervini
704 596 822 657 quoque
849 595 959 639 cornus
978 581 1075 638 exusti
1095 581 1174 640 cinis

103 681 137 730 82
156 669 188 729 in
215 671 335 748 potione
364 669 451 728 datus
475 667 612 728 similiter
635 666 780 727 medetur.
821 665 956 726 bubulus
980 669 1102 746 sanguis
1127 668 1200 730 vela

155 757 300 819 haedinus
324 758 444 835 sanguis
469 773 575 816 recens
595 773 662 816 cum
681 757 747 834 pari
765 773 904 815 mensura
923 757 1000 814 aceti
1019 755 1174 818 discoctus

155 848 330 924 sanguinem
357 843 565 906 excreantibus
593 843 730 924 prodest,
758 846 783 903 si
811 861 865 921 per
888 842 1022 903 cocleare
1046 845 1174 906 adsidue

102 947 136 996 83
155 933 339 1014 degustetur.
386 933 552 1013 Glutinum,
577 949 635 1012 quo
660 932 762 992 charta
785 930 963 1011 glutinatur,
986 931 1116 993 calidum
1141 936 1173 994 in
1264 963 1265 998 ;

155 1023 276 1084 modum
300 1021 473 1082 sorbitionis
496 1021 634 1082 hauritur
659 1020 703 1081 vel
727 1039 762 1080 ex
786 1038 862 1099 aqua
881 1019 975 1080 calida
994 1023 1173 1100 sanguinem

103 1123 137 1173 84
157 1109 365 1171 excreantibus
389 1109 484 1170 datur.
524 1108 629 1170 Nuclei
652 1108 871 1188 amygdalarum
896 1109 960 1169 triti
983 1126 1051 1169 cum
1071 1111 1173 1172 amulo
1189 1130 1215 1170 m

156 1205 187 1259 et
209 1206 309 1258 menta
332 1199 402 1258 trita
425 1199 456 1258 in
480 1196 612 1276 qualibet
635 1200 755 1275 potione
779 1197 893 1258 utiliter
917 1195 953 1256 ab
978 1201 1174 1278 aemoptyicis
1264 1205 1265 1268 1

102 1298 136 1349 85
155 1284 202 1345 vel
225 1287 366 1364 empyicis
390 1285 579 1346 hauriuntur.
615 1284 723 1346 Samen
746 1285 845 1347 salicis
869 1287 974 1347 tritum
997 1294 1027 1346 et
1046 1305 1082 1347 ex
1103 1289 1173 1348 vino

155 1381 274 1434 austere
298 1381 450 1453 sumptum
473 1375 647 1452 sanguinem
666 1375 827 1436 tussientes
847 1376 925 1435 sistit
944 1383 974 1435 et
991 1376 1097 1436 vitium
1119 1395 1173 1456 po·

102 1473 136 1523 88
155 1469 254 1523 tenter
278 1462 422 1523 emendat.
464 1461 598 1522 Hederae
621 1461 725 1542 bacae,
749 1481 823 1542 quae
848 1471 919 1524 sunt
941 1463 1048 1544 luteae,
1072 1466 1174 1543 inpari

155 1569 280 1612 numero
309 1553 396 1612 tritae
420 1559 450 1612 ct
473 1569 510 1611 ex
538 1569 614 1630 aqua
642 1551 741 1630 tepida
768 1558 855 1631 potae
882 1551 1028 1630 pthisicos
1056 1561 1212 1615 sanantis

102 1650 135 1700 81
155 1638 271 1700 Herbae
300 1641 464 1700 vettonicae
492 1639 562 1700 lolia
590 1641 621 1700 in
649 1639 754 1700 umbra
782 1639 911 1700 arelacta
939 1649 969 1701 et
995 1647 1084 1701 tunsa
1114 1645 1173 1703 cri-

154 1727 297 1808 brataque
321 1731 458 1808 reponito
482 1736 570 1808 atque
594 1728 663 1788 inde
684 1727 831 1789 laboranti
850 1728 933 1789 vulso
953 1730 1100 1790 victoriati
1125 1749 1173 1790 ar-

154 1819 253 1897 gentei
275 1817 392 1896 pondus
417 1837 453 1878 cx
471 1835 558 1897 passo
577 1815 740 1878 bibendum
760 1835 848 1895 saepe
867 1815 1017 1896 praebeto.
1043 1817 1173 1887 Quidam

155 1925 213 1986 quo
246 1908 397 1986 potentius
430 1905 540 1968 herbae
573 1905 662 1966 huius
695 1904 838 1966 auxilinm
871 1905 1019 1985 facerent,
1052 1906 1172 1969 adiecto

153 1993 240 2055 melle
255 1995 419 2056 cribratum
433 1995 586 2074 pulverem
601 1993 883 2074 conprehenderunt
896 2002 985 2074 atque
1000 1995 1069 2055 inde
1084 1995 1172 2058 labae
1187 2015 1212 2056 ao

152 2083 356 2162 magnitudine
381 2083 527 2144 dederunt
550 2081 752 2142 laborantibus
776 2081 921 2162 pthisicis‚
940 2081 1033 2144 vulsis
1052 2091 1082 2144 et
1101 2103 1172 2146 reu-

152 2173 269 2232 maticis
293 2190 413 2252 eosque,
438 2173 490 2250 qni
513 2172 602 2231 etiam
625 2169 784 2248 purulenta
803 2170 990 2252 excreabant,
1014 2171 1171 2234 incolumi-

152 2261 207 2320 tati
230 2259 340 2320 solidae
364 2258 567 2320 reddiderunt.

100 2358 134 2408 88
242 2347 286 2407 Ad
305 2348 449 2426 pthisicos
469 2347 634 2407 remedium
653 2355 683 2407 et
701 2365 842 2426 praesens
862 2355 892 2408 et
910 2349 1080 2429 maximum,
1100 2367 1171 2409 nam

154 2436 243 2496 etiam
271 2437 348 2496 vitae
376 2434 482 2496 dubios
511 2443 595 2496 sanat
622 2443 652 2496 et
679 2434 788 2515 quibus
812 2454 881 2514 spes
905 2454 1063 2515 superesse
1087 2437 1213 2498 8811888

99 2581 103 2588 .
153 2523 301 2584 videatur:
329 2523 407 2602 Equi
436 2522 556 2583 salivam
584 2523 630 2584 vel
657 2541 792 2602 spumam
816 2542 885 2584 cum
908 2543 983 2604 aqua
1008 2524 1101 2586 calida
1125 2526 1169 2586 bi·

153 2610 279 2672 bendam
303 2629 356 2690 per
380 2611 512 2672 triduum
536 2611 633 2692 dabis,
658 2613 747 2672 etiam
771 2630 859 2691 quem
883 2615 960 2673 tussi
983 2612 1171 2690 intoleranda

154 2707 184 2760 et
207 2699 321 2760 diutina
344 2698 479 2760 laborare
498 2699 616 2780 videris,
640 2701 695 2760 hoc
715 2700 846 2760 remedio
867 2699 1021 2782 liberabis3
1045 2719 1170 2780 aegrum

153 2787 272 2868 quidem
297 2790 361 2848 siue
385 2791 575 2850 cunctatione
599 2787 731 2868 sanabis,
755 2788 807 2849 sed
830 2807 941 2868 equum
965 2807 1045 2850 mors
1069 2789 1170 2852 subita
1264 2791 1265 2800 ’

53 2875 57 2879 ’
100 2887 133 2937 88
153 2878 354 2955 consequitur.
386 2875 447 2937 Ova
471 2876 563 2938 cruda
586 2876 645 2937 duo
664 2878 696 2936 in
714 2875 837 2938 calicem
857 2885 1028 2958 verguntur,
1053 2895 1088 2938 eo
1107 2879 1170 2940 adi·
1185 2898 1212 2940 so

153 2965 274 3026 ciuntur
303 2965 360 3026 olei
386 2967 491 3044 optimi
516 2995 555 3008 -
576 2963 608 3045 V,
637 2966 700 3043 gari
727 2963 809 3025 floris
836 2999 873 3010 -
918 3015 927 3047 ‚
954 2968 1034 3045 passi
1057 2965 1171 3030 Cretici

155 3085 192 3096 -
215 3052 238 3112 V
261 3072 389 3134 cumque
412 3053 486 3115 hacc
509 3057 540 3114 in
564 3052 685 3114 calicem
709 3055 886 3135 conieceris,
912 3057 1056 3133 axungiae
1085 3065 1169 3118 vetu-

224 3225 421 3294 2quagulum.
493 3223 704 3294 homoptcicis.
778 3223 991 3292 8glutlinatur.
1053 3225 1170 3282 rotrici

152 3313 217 3350 cum
235 3297 348 3365 scripsi.-
376 3296 509 3350 triticum.
601 3295 695 3350 amulo
714 3295 820 3348 exbibet
838 3296 904 3360 eod,
925 3311 983 3350 888
1001 3293 1116 3364 amylon
1136 3304 1170 3352 ut

155 3365 306 3422 Carnarius
325 3368 419 3423 edidit.
501 3371 532 3419 11
553 3363 728 3435 emoptoieis.
821 3370 852 3416 13
872 3367 983 3418 austero
1004 3365 1167 3422 Carnarius.

152 3437 305 3492 tussienlis.
380 3443 413 3492 15
433 3435 579 3506 lphisieos.
654 3442 686 3491 18
705 3432 860 3489 vetonieae.
922 3441 955 3488 21
975 3436 1168 3492 reumauticis.

153 3509 187 3558 22
206 3505 418 3574 incolomitatis.
465 3513 499 3562 26
519 3505 646 3562 salibam.
695 3509 729 3560 28
747 3503 881 3559 laborare.
932 3509 966 3558 32
985 3504 1167 3562 actussimae.
