2528 3814
489 123 732 188 —333-

105 293 137 348 et
159 288 190 346 in
214 287 346 346 cinerem
365 285 482 364 rediges
502 293 533 346 et
551 284 689 346 crihlahis
709 292 739 345 et
757 285 825 346 inde
845 286 978 347 cocleare
997 286 1117 366 plenum

104 377 138 435 in
158 392 345 454 quacumque
363 377 484 454 potione
504 373 587 436 dabis
605 376 642 454 ei,
663 376 715 454 qui
735 374 994 436 haemorrhoidum
1014 378 1117 437 nimie-

105 470 166 524 tate
199 471 330 524 vexatur,
380 462 535 524 Ruborum
570 461 708 524 cauliculi
740 465 838 524 teneri
869 464 1037 525 tunduntur
1069 485 1117 526 ex·
1137 478 1170 526 31

105 570 289 632 pressusque
317 570 353 612 ex
380 551 428 612 his
455 570 546 612 sucus
573 554 605 612 in
633 551 812 612 calidissimo
836 553 897 612 sole
921 555 1056 635 ponitur,
1084 561 1118 616 ut

77 658 202 720 susque
226 641 263 701 ad
286 640 514 702 crassitudinem
533 640 628 702 mellis
648 643 821 721 spissescat3
844 641 893 702 hic
911 641 1036 702 haustus
1055 642 1116 702 effi-

105 731 260 792 cacissime
279 729 540 790 haemorrhoidum
559 732 733 808 sanguinem
752 731 839 790 sistit.
873 729 1035 808 Coagulum
1054 748 1116 790 cer·
1136 743 1170 790 32

105 820 206 880 vinum
226 818 416 898 degluttitum
435 821 609 898 sangninem
628 837 663 879 ex
681 821 794 880 intimis
816 818 1013 899 profluentem
1033 819 1117 880 facile

105 909 239 988 stringit3
262 907 340 968 idem
364 907 435 968 facit
458 915 488 969 et
511 907 667 986 coagulum
690 907 810 987 leporis.

194 996 277 1057 Luna
300 995 368 1056 Xlll
395 996 468 1056 hora
491 995 555 1055 Vlll
581 1003 739 1076 antequam
762 1003 868 1058 exeant
890 996 936 1056 vel
960 1004 1116 1076 erumpant
1135 1008 1168 1056 33

64 1103 90 1143 ιο
105 1087 183 1146 mori
205 1084 322 1146 arboris
345 1084 427 1166 lolia,
451 1083 553 1146 oeulos
576 1093 639 1145 tres
662 1084 748 1145 tolles
772 1085 872 1163 digitis
896 1085 1064 1146 medicinali
1088 1095 1118 1145 et

104 1173 212 1252 pollice
240 1192 346 1234 manus
374 1175 513 1234 sinistrae
542 1175 626 1234 etin
650 1173 745 1234 oculis
769 1173 893 1252 siugulis
917 1173 1012 1234 dices:
1045 1173 1118 1234 Ahsi

6 1343 7 1346 Ἴ
105 1262 176 1323 ahsa
198 1262 334 1344 phereoS,
357 1265 517 1342 mittesque
541 1264 571 1322 in
596 1280 719 1324 coccum
738 1261 901 1324 Galaticum
925 1270 955 1323 et
977 1265 1007 1322 in
1027 1263 1116 1342 phoe-

104 1353 183 1412 nicio
207 1351 268 1412 lino
291 1350 492 1431 conchyliatae
511 1369 661 1431 purpurae
680 1350 842 1430 conligahis
866 1360 896 1412 et
914 1351 1009 1412 dices:
1032 1351 1116 1412 Tollo

104 1449 135 1500 te
158 1439 228 1498 hinc
251 1448 352 1520 totam,
376 1439 595 1520 haemorhoida‚
618 1440 697 1501 absis
716 1439 837 1521 paphar‚
857 1447 887 1500 et
905 1439 1019 1501 nudum
1039 1459 1116 1520 eum,

64 1543 91 1585 15
106 1529 155 1588 cui
178 1528 310 1588 remedio
334 1546 409 1606 opus
432 1535 486 1607 est,
509 1527 719 1606 praeligamine
743 1527 793 1587 illo
817 1530 926 1606 cinges.

195 1615 252 1675 Ani
272 1617 341 1676 vitia
359 1623 389 1676 et
408 1615 611 1694 condylomata
630 1616 697 1676 felle
714 1634 845 1695 capruno
860 1623 1004 1694 peruncta
1019 1617 1117 1676 sanari
1136 1627 1170 1675 34

6 1697 7 1702 ’
106 1706 273 1766 certissime
306 1711 430 1764 constat.
476 1703 660 1764 Malicorium
687 1722 756 1764 cum
783 1706 852 1765 rino
881 1706 992 1784 optimo
1020 1722 1116 1782 usque
1135 1715 1169 1764 35

6 2307 9 2396 *t

6 2465 9 2554 l

9 3295 11 3415 Ξ
44 3330 46 3341 .

106 1793 142 1854 ad
166 1793 241 1854 duos
264 1792 385 1872 cyathos
408 1792 564 1853 decoctum
587 1794 759 1871 pariterque
780 1794 942 1852 contritum
962 1800 992 1852 et
1010 1793 1116 1872 malag-

106 1883 194 1942 matis
216 1881 304 1942 modo
327 1883 489 1960 inpositum
512 1888 651 1961 potenter
674 1883 723 1942 ani
746 1881 949 1960 condylomata
967 1889 1115 1961 persanat.

64 1988 92 2028 eo
105 1970 251 2050 Butyrum
279 1977 309 2030 et
336 1969 427 2050 adeps
455 1972 592 2030 anserina
620 1978 650 2030 et
672 1969 771 2030 oleum
793 1987 947 2030 rosaceum
970 1972 1116 2050 permixta
1135 1982 1169 2031 33

105 2059 305 2138 pulcherrime
337 2067 463 2138 prosunt
495 2060 544 2118 ani
576 2060 664 2119 vitiis.
711 2058 838 2138 Sanguis
869 2077 1019 2138 caprunus
1047 2077 1116 2119 cum
1135 2071 1168 2120 3⁵1

105 2148 223 2227 polenta
255 2149 403 2227 inpositus
436 2150 484 2208 ani
515 2149 620 2208 vitium
653 2165 740 2208 omne
768 2156 915 2227 persanat.
961 2147 1115 2226 Rhagadas
1134 2159 1168 2208 38

105 2239 204 2298 canini
236 2239 340 2317 capitis
372 2238 434 2297 usti
463 2238 538 2298 einis
565 2236 725 2316 adspersus
753 2236 887 2316 adiungit
915 2244 944 2296 et
972 2238 1114 2296 stercoris

105 2327 204 2386 canini
222 2325 280 2386 alhi
298 2326 443 2405 betaeque
462 2327 538 2386 cinis
556 2327 687 2386 insertus
706 2325 843 2386 similiter
857 2325 1028 2404 opitulatur.
1058 2324 1114 2386 Iris
1133 2336 1168 2385 39

6 2437 9 2462 ι
64 2429 91 2471 25
104 2414 238 2494 lllyriaae
266 2417 343 2475 cinis
370 2433 438 2474 cum
466 2413 552 2474 melle
581 2413 722 2474 subactus
749 2413 862 2475 utiliter
889 2415 1043 2492 inponitur
1066 2416 1116 2474 ani

105 2505 198 2584 vitiis,
228 2505 253 2563 si
276 2505 340 2582 ipsa
365 2505 419 2564 iris
442 2505 474 2563 in
497 2503 585 2563 furno
609 2502 766 2582 diligenter
788 2510 902 2564 uratur.
944 2501 1042 2581 Adeps
1066 2521 1115 2563 an·
1134 2514 1168 2562 40

105 2593 223 2652 serinus
251 2610 320 2652 cum
348 2591 482 2652 eiusdem
509 2590 633 2652 cerebro
657 2599 687 2652 et
710 2609 819 2671 oesypo
843 2599 873 2651 et
895 2591 1023 2652 alumine
1047 2590 1115 2652 suh·

105 2682 197 2758 igitur
216 2687 246 2740 et
263 2682 418 2760 inponitur
437 2681 485 2740 ani
505 2679 643 2740 omnibus
658 2682 764 2741 causis.
793 2679 903 2740 Carnes
918 2698 954 2740 ex
968 2679 1115 2758 capitibus
1134 2691 1168 2738 41

105 2768 249 2847 mugilum
278 2771 339 2830 sive
366 2769 527 2829 mullorum
554 2767 693 2829 decoctae
721 2777 843 2830 etcum
866 2769 952 2830 melle
976 2767 1115 2829 subactae

63 2874 91 2916 eo
105 2864 194 2936 atque
212 2859 358 2935 inpositae
372 2859 482 2918 vitiatis
497 2858 561 2917 anis
574 2857 735 2936 plurimum
750 2865 886 2937 prosunt.
913 2856 1018 2918 Oleum
1030 2865 1115 2917 vetus
1134 2866 1168 2915 42

105 2953 136 3007 et
157 2948 255 3024 picem
278 2954 308 3006 et
330 2945 471 3025 pollinem
494 2947 640 3006 triticeam
664 2946 797 3026 decoque
822 2954 852 3007 et
870 2965 925 3006 ano
945 2945 1114 3006 exulcerato

105 3034 203 3096 calens
221 3035 406 3096 medicamen
423 3037 541 3113 inpone.
573 3034 667 3096 Radix
685 3034 754 3096 ruhi
768 3038 798 3096 in
813 3037 880 3096 vino
895 3053 991 3112 nsque
1006 3035 1041 3094 ad
1056 3041 1114 3093 ter·
1133 3044 1167 3092 43

105 3125 160 3184 tias
184 3127 323 3203 coquitur
346 3142 441 3204 eoque
464 3125 532 3183 vino
556 3125 605 3184 ani
623 3125 693 3184 vitia
711 3130 742 3184 et
760 3122 950 3184 difficultates
969 3122 1115 3180 foventur.

194 3278 332 3332 haustus.
433 3275 688 3331 daemorhoidum.
792 3273 990 3342 dqnagulnm,
1008 3272 1072 3326 a‘tcm
1090 3276 1115 3326 8.

107 3352 139 3402 12
159 3345 189 3401 in
207 3348 333 3419 coccum]
352 3347 503 3403 incoctum.
580 3345 712 3416 phinicio.
794 3351 827 3399 13
846 3342 1032 3398 conchiliatae
1051 3361 1115 3413 pnr-

106 3435 199 3486 porae.
273 3425 307 3472 14
324 3421 415 3474 totam
433 3419 546 3489 scripsi:
566 3420 635 3474 tota.
710 3422 744 3471 16
763 3414 971 3486 condylemata,
990 3415 1053 3470 item
1073 3419 1114 3469 19.

9 3548 11 3559 ,
106 3495 140 3544 at
158 3491 275 3561 oesypo]
294 3491 409 3562 hysopo.
