2540 3802
496 128 649 193 -247
699 165 737 176 -

198 289 339 369 Malagma
359 290 394 350 ad
415 308 504 350 coxae
524 290 669 351 dolorem:
693 289 822 350 Masticis
837 290 925 351 Chiae
940 291 971 352 P.
987 291 1016 372 8,
1036 291 1120 353 abro·
1140 306 1156 354 6

108 381 172 439 toni
196 381 261 440 suci
284 376 315 439 8
336 378 370 458 S,
399 381 475 439 turis
499 377 530 439 P.
550 378 585 458 S,
613 379 682 438 salis
706 381 881 439 ammoniaci
903 379 935 440 P.
956 380 989 460 8,
1017 383 1121 440 aristo-

108 467 201 528 lociae
229 467 375 528 rotundae
400 467 432 528 P.
451 466 490 546 ΙΙ,
519 467 703 528 aristolociae
727 466 855 546 digitalis
878 467 909 528 P.
928 467 969 548 ll,
998 487 1120 548 spumae

108 559 225 634 argenti
247 555 278 617 P.
298 554 319 635 1,
342 554 500 635 propoleos
523 554 554 616 P.
573 555 595 636 1,
619 558 694 616 cotis
716 555 849 616 Creticae
867 555 898 616 P.
918 555 931 616 Ι
951 556 981 638 8,
1004 559 1120 618 resinae

8 681 9 686 .
80 647 242 723 apituinae
261 644 293 704 P.
313 643 326 704 Ι
346 643 375 719 8,
399 644 456 704 olei
478 646 588 704 veteris
607 643 638 706 P.
657 643 706 725 ΙΙΙ,
729 643 787 704 olei
809 645 917 705 laurici
938 644 970 704 P.
989 644 1038 726 ΙΙΙ,
1062 646 1120 723 gal·

107 732 178 793 bani
191 732 222 794 P.
237 733 259 812 1,
278 732 391 812 lepidae
411 731 534 811 Cypriae
548 731 580 792 P.
597 731 626 812 S,
645 751 731 792 cerae
745 731 776 792 P.
791 732 804 792 Ι
819 732 848 811 8,
868 734 979 812 sinapis
996 733 1119 793 Alexan-

107 821 187 882 drini
205 818 237 882 dr
256 821 305 901 ΙΙΙ,
325 823 401 881 aceti
420 818 451 881 a
471 820 519 881 ΙΙΙ.
551 820 657 881 Omnia
675 820 748 881 haec
767 829 854 881 tunsa
874 839 949 900 quac
968 822 1118 882 tundenda

107 918 177 970 sunt
205 918 234 970 et
262 912 386 970 remissa
410 927 485 988 quae
509 909 723 988 liquefacienda
745 917 815 970 sunt
839 910 927 970 simul
950 928 1119 990 excoquun-

105 1005 156 1060 tur
180 1007 210 1058 et
232 1006 335 1078 postca
358 1007 418 1058 tam
442 998 493 1058 diu
513 997 649 1060 manibus
668 998 856 1080 subiguntur,
879 999 974 1059 donec
993 999 1119 1060 densum

7 1145 8 1154 .
63 1101 91 1142 ιο
105 1086 249 1165 malagma
272 1087 331 1148 liat.

196 1175 331 1236 Sciaticis
355 1175 470 1236 cocleae
495 1174 605 1236 crudae
628 1177 716 1235 tritae
739 1176 770 1235 in
789 1177 857 1236 vino
876 1175 1000 1236 Amineo
1020 1194 1056 1236 ex
1074 1179 1117 1254 pi·
1138 1189 1153 1237 ‘1

105 1282 175 1342 pere
195 1272 282 1342 potae
302 1265 376 1324 mire
396 1272 529 1342 prosunt.
563 1262 672 1324 Pellem
691 1263 753 1342 lupi
772 1262 961 1324 aluminatam
980 1283 1034 1344 per
1053 1265 1117 1325 dies
1136 1277 1152 1326 8

105 1370 156 1412 sex
180 1351 289 1412 lumbis
313 1351 482 1412 dolentibus
506 1354 623 1432 inpone,
647 1354 746 1412 statim
771 1352 937 1414 subvenies.

193 1440 374 1501 Lumborum
395 1451 425 1501 et
443 1443 574 1502 vessicae
594 1440 775 1501 cruciatibus
790 1440 936 1502 laboranti
950 1442 1072 1520 prodest
1086 1445 1117 1502 in
1136 1455 1152 1504 9

64 1542 91 1584 15
106 1527 231 1588 balineis
255 1529 318 1590 loco
342 1529 446 1609 calido,
470 1530 541 1590 dum
564 1529 624 1590 illic
648 1539 702 1608 est,
726 1531 842 1589 urinam
867 1547 998 1607 egerere.
1037 1529 1170 1591 Lanato

105 1616 216 1696 sucida,
235 1619 322 1698 nitro,
335 1617 478 1698 sulpure,
502 1617 576 1698 oleo,
596 1626 689 1697 aceto,
707 1619 773 1695 pice
793 1616 913 1696 liquida,
932 1617 1117 1678 serventibus

103 1705 158 1783 his,
182 1709 274 1766 tincta
299 1714 328 1766 et
352 1725 440 1785 quam
464 1705 642 1766 calidissime
668 1707 816 1766 sustinere
839 1707 934 1784 possit
952 1704 998 1765 bis
1018 1707 1049 1765 in
1068 1706 1115 1766 die

104 1793 236 1872 adposita
259 1795 382 1874 prodest
405 1793 574 1854 lumborum
598 1793 700 1853 dolori.

173 1875 366 1943 ¹Remedium
395 1886 503 1943 mirum
531 1883 687 1942 adversum
717 1883 846 1941 nesciam
876 1879 921 1941 vel
949 1880 1115 1942 arthrisim:
1136 1894 1168 1943 11

61 1985 88 2024 20
103 1970 200 2032 Herba
225 1980 271 2032 est
294 1971 339 2032 vel
362 1971 533 2051 frutectum,
557 1971 635 2050 quod
660 1971 785 2030 maxime
809 1971 888 2030 circa
912 1987 999 2048 sepes
1018 1972 1114 2030 vinea·

103 2079 171 2120 rum
198 2062 344 2141 nascitur,
373 2059 477 2120 Latine
510 2063 622 2139 cytisus
651 2059 774 2138 dicitur;
805 2057 942 2136 virgultis
972 2066 1018 2118 est
1047 2058 1114 2118 sub·

102 2151 190 2209 tortis
213 2148 260 2210 vel
283 2151 396 2228 curvis
419 2148 497 2208 foliis
521 2148 668 2228 oblongis,
692 2147 768 2207 benc
792 2145 966 2227 virentibus
989 2145 1114 2208 tloribus

102 2236 251 2298 conclusis
275 2235 410 2314 oblongis
432 2236 506 2298 albis
526 2236 570 2297 vel
590 2239 678 2297 etiam
698 2235 841 2314 galbineis
859 2235 935 2296 bene
955 2234 1114 2316 olentibus,

102 2325 131 2386 id
147 2333 193 2386 est
207 2324 318 2385 mellito
332 2325 432 2386 odore.
456 2325 631 2386 Frntectum
645 2327 743 2403 ipsum
759 2341 876 2403 semper
887 2326 986 2384 virens
1001 2331 1113 2384 aestate

5 2441 6 2500 ᾗ
59 2425 86 2468 aa
103 2423 192 2493 atquc
219 2414 316 2476 hieme
345 2413 494 2493 colligitur
523 2414 569 2474 die
593 2413 670 2473 lovis
698 2412 767 2474 luna
795 2420 894 2472 vetere
922 2411 1023 2474 liduna
1047 2423 1114 2473 ante

5 2503 6 2562 3
101 2504 258 2582 prandium
282 2509 320 2564 et.
335 2502 422 2564 datur
445 2505 482 2582 ei,
505 2505 555 2563 cui
577 2501 710 2562 remedio
729 2501 828 2562 sutura
849 2509 903 2581 est,
927 2503 1027 2561 ieiuno
1046 2509 1114 2562 ante

5 2597 6 2664 ξ
100 2591 259 2671 prandium
277 2594 357 2672 trita,
380 2593 420 2651 ita
442 2601 475 2652 ut
494 2609 554 2652 non
574 2609 664 2651 sucus
684 2599 799 2651 tantum
818 2591 892 2671 eius,
916 2590 968 2650 sed
988 2589 1114 2670 otialis,

101 2680 249 2759 quomodo
269 2681 339 2741 trita
358 2680 478 2761 luerint,
499 2679 543 2740 vel
561 2679 651 2740 liores
670 2681 744 2758 eius
763 2679 926 2758 siluerint,
947 2681 989 2739 sic
1005 2679 1114 2739 dentur

101 2787 137 2828 ex
165 2770 241 2828 meri
269 2770 328 2828 vini
356 2771 465 2830 veteris
493 2771 554 2829 sive
583 2770 671 2830 etiam
694 2767 803 2828 novelli
826 2769 976 2846 quartario
1000 2767 1113 2846 grandi.

57 2868 85 2910 ³0
101 2855 159 2916 Sed
188 2859 239 2936 qui
267 2858 393 2936 accipiet
421 2866 503 2918 stans
531 2859 656 2936 accipiat
681 2865 711 2918 et
733 2864 837 2917 contra
861 2858 1007 2917 orientem
1031 2855 1113 2915 bibat

101 2953 131 3005 et
159 2965 228 3006 cum
255 2963 271 3006 a
301 2945 404 3007 dextra
431 2953 515 3024 parte
538 2947 690 3024 potionem
713 2946 876 3024 acceperit,
902 2943 938 3004 ad
961 2945 1113 3004 sinistram

100 3043 181 3094 retro
205 3043 322 3095 utnon
345 3037 485 3114 respiciat
508 3033 613 3094 reddat
636 3033 757 3094 calicem
782 3036 823 3112 ei,
848 3035 899 3112 qui
922 3032 1039 3092 dederit
1061 3051 1113 3111 po-

99 3124 226 3203 tionem3
259 3122 316 3183 hoc
349 3141 404 3201 per
434 3122 566 3183 triduum
594 3123 690 3183 faciet.
737 3121 795 3182 Sed
824 3125 876 3200 qni
903 3121 1027 3181 daturus
1056 3123 1114 3180 erit

100 3213 261 3293 potionem,
284 3229 343 3272 una
366 3211 439 3272 hora
460 3210 504 3271 vel
524 3228 583 3271 uno
602 3211 650 3270 die
669 3210 775 3270 lectam
794 3208 917 3268 herbam
937 3208 1026 3269 simul
1044 3226 1113 3268 con-

191 3417 371 3472 trutundae.
434 3415 611 3499 opoluinae.
676 3421 708 3468 12
728 3413 850 3496 prodest.
911 3416 943 3466 15
962 3411 1113 3538 1⁰⁶⁰dj⁰li⁰

103 3493 151 3542 tm
170 3487 233 3542 olco
252 3493 311 3544 2m.
378 3493 410 3541 19
429 3489 553 3542 ardrsrm.
621 3491 656 3541 25
675 3484 832 3554 collegitur.
896 3488 930 3538 26
949 3500 1024 3538 reme
1056 3500 1112 3542 um.
