2528 3814
491 171 734 234 -299—

106 349 183 412 quac
208 331 317 392 Gallice
341 332 444 392 alauda
464 332 582 413 dicitur,
606 335 667 393 sive
691 335 755 410 ipsa
774 342 870 394 assata
888 335 919 394 in
938 335 1005 396 cibo
1025 352 1121 396 suma·

105 431 157 482 tur
181 421 242 481 sive
267 439 334 481 cum
358 420 468 499 plumis
492 422 554 481 suis
578 421 733 482 combusta
759 421 912 501 redigatur
934 425 965 483 in
989 425 1121 484 cinerem

106 516 197 588 atque
226 528 261 570 ex
291 528 326 570 eo
357 509 582 589 diligentissime
610 512 681 570 trito
709 518 794 570 terna
823 511 960 572 cocliaria
986 530 1022 572 ex
1045 530 1121 592 aqua

106 598 201 659 calida
224 601 307 676 potui
330 617 385 677 per
409 598 541 659 triduum
565 598 682 659 dentur.

78 702 92 743 s
197 685 324 747 Unicum
347 695 401 747 est¹
416 689 590 748 intestinum
615 687 752 766 ossifragi
775 689 866 749 mirac
885 697 1018 769 naturae,
1042 689 1121 769 quod
1141 702 1173 752 51

106 777 205 834 omnia
228 776 366 836 devorata
390 777 534 837 citissime
559 776 691 856 conficit3
714 776 804 837 huius
823 795 893 857 pars
912 785 1044 838 extrema
1063 777 1121 838 col·

104 863 209 942 ligitur
232 872 262 924 et
284 866 440 942 reponitur
465 873 494 924 et
517 883 585 924 cum
609 883 685 944 opus
708 864 812 946 fuerit,
840 869 937 926 ventri
959 865 1121 927 laborantis

105 951 255 1032 alligatur,
278 955 355 1014 miro
378 953 510 1013 remedio
534 971 637 1013 omnes
660 955 871 1015 intestinorum
897 955 1015 1015 dolores
1040 957 1119 1016 citis-

105 1042 180 1102 sime
203 1041 295 1102 sedat.
748 1093 750 1098 .

61 1149 89 1187 10
194 1129 271 1208 Lupi
299 1136 416 1189 stercus
444 1129 604 1190 dummodo
631 1148 691 1190 non
714 1131 746 1190 in
769 1138 849 1191 terra
872 1133 1040 1213 inventum,
1068 1132 1120 1193 sed
1139 1144 1173 1193 52

104 1235 195 1296 supra
219 1218 328 1279 fustem
351 1225 403 1278 aut
426 1236 517 1296 supra
540 1218 650 1278 astulas
674 1226 726 1279 aut
748 1237 838 1297 supra
857 1222 980 1281 iuncum
999 1219 1119 1299 colliges

103 1314 134 1366 et
163 1306 295 1367 servabis
323 1314 352 1368 et
375 1325 444 1368 cum
467 1325 543 1386 opus
567 1307 671 1389 fuerit,
699 1307 846 1369 laboranti
869 1309 962 1370 colico
986 1308 1119 1388 alligabis

103 1395 141 1454 ad
168 1393 324 1456 brachium
352 1395 398 1456 vel
426 1395 462 1456 ad
492 1395 601 1456 collum
624 1398 655 1456 in
679 1414 747 1456 osse
770 1399 875 1457 autin
900 1416 990 1477 cypro
1014 1405 1066 1458 aut
1088 1399 1119 1458 in

104 1500 177 1542 auro
201 1483 317 1544 clusum
342 1483 469 1563 licioque
494 1502 690 1565 suspensum
711 1485 764 1544 sed
788 1487 872 1562 prius
895 1504 931 1545 ex
955 1488 1020 1564 ipso
1044 1494 1118 1546 ster·

63 1587 90 1630 15
105 1589 174 1630 core
202 1571 344 1650 pusillum
371 1574 520 1650 ignoranti
549 1591 585 1631 ex
613 1589 688 1650 aqua
717 1571 810 1633 calida
833 1572 996 1634 bibendum
1022 1573 1119 1654 dabis3

104 1660 180 1720 mire
204 1658 402 1737 celeriterque
426 1659 593 1720 subvenies.

194 1746 289 1808 Ovum
312 1764 418 1808 recens
442 1747 568 1808 crudum
592 1749 748 1808 summiter
769 1756 906 1826 apertum
925 1749 1070 1810 defundes
1090 1757 1120 1810 et
1139 1761 1172 1812 53

104 1838 169 1896 eius
188 1843 296 1896 testam
315 1835 380 1896 oleo
400 1836 488 1896 viridi
506 1835 644 1913 implebis
664 1845 694 1896 et
713 1835 871 1917 defundes3
892 1837 1028 1898 similiter
1047 1837 1119 1899 lotio

103 1923 213 2004 puerili
240 1923 377 2003 implebis
406 1932 436 1985 ct
464 1925 609 1985 defundes
636 1923 792 2002 mellisque
816 1925 991 1986 tantundem
1014 1927 1118 1988 defun·

62 2013 172 2092 sodes,
199 2021 264 2074 tum
292 2013 449 2092 diligenter
478 2015 575 2075 omnia
598 2012 794 2092 permiscebis
818 2021 848 2074 et
871 2017 902 2074 in
926 2033 1001 2094 aqua
1025 2015 1118 2076 calida

104 2103 265 2181 tepefacies
288 2120 322 2162 ac
346 2104 446 2162 ieiuno
470 2099 597 2162 bibenda
616 2101 709 2162 dabis.
742 2101 821 2162 llaec
841 2105 922 2183 potio
941 2121 1002 2162 nou
1022 2102 1118 2164 solum

105 2198 222 2252 stercus
257 2198 420 2271 vetustum,
454 2190 533 2270 quod
564 2190 681 2250 dolores
713 2193 864 2252 intestinis
898 2191 982 2272 facit,
1014 2209 1118 2252 verum

105 2281 194 2340 etiam
222 2278 384 2340 lumbricos
412 2281 499 2340 eiciet
527 2287 557 2338 et
584 2279 706 2339 ardores
733 2279 977 2357 praecordiorum
1006 2279 1117 2342 febres-

106 2387 163 2448 que
187 2366 311 2428 sedabit.

64 2471 91 2513 as
193 2455 309 2516 Erucae
328 2457 509 2516 semunciam
529 2463 666 2516 conteres
681 2462 711 2516 et
726 2457 762 2538 ei,
783 2458 835 2535 qui
848 2455 1011 2517 lumbricos
1025 2459 1117 2536 patie-
1136 2469 1171 2518 54

104 2551 164 2624 tur,
183 2562 219 2604 ex
237 2546 306 2604 vino
325 2549 425 2604 vetere
445 2543 569 2604 candido
586 2546 686 2604 ieiuno
701 2551 732 2604 et
746 2544 944 2623 digestissimo
959 2545 1117 2607 bibendam
1188 2559 1193 2569 ‘

4 2709 5 2716 ἵ
105 2632 198 2713 dabis,
221 2635 293 2692 satis
316 2632 457 2710 proderit.
923 2702 927 2713 Ι

193 2720 237 2780 Ad
265 2723 435 2781 interaneos
463 2719 582 2781 morbos
611 2720 734 2799 serpulli
759 2721 877 2800 pondus
900 2723 1048 2784 victoriati
1071 2741 1116 2783 ar·
1135 2734 1170 2784 55

105 2811 205 2888 gentei
223 2810 386 2868 contritum
405 2817 435 2869 et
454 2827 490 2869 ex
509 2811 576 2869 vino
595 2811 681 2888 potui
694 2808 805 2891 datum,
823 2809 1004 2872 febricitanti
1018 2819 1118 2872 autem

4 2897 5 2916 ²
65 2916 92 2956 ao
106 2916 141 2958 ex
171 2896 266 2958 mulsa
294 2915 368 2976 aqua
397 2897 497 2976 tepida
528 2899 663 2958 internos
695 2897 813 2959 dolores
840 2901 952 2982 ventris
979 2907 1118 2980 potenter

106 2986 251 3047 emendat.
292 2984 433 3046 Verbasci
460 2986 568 3046 radicis
596 2988 740 3046 corticem
767 2986 913 3048 detrahito
940 2995 970 3048 et
993 2995 1117 3049 contun·
1136 3001 1170 3050 55

4 3101 5 3106 ’
56 3109 57 3112 ¹
106 3075 167 3136 dito
200 3093 234 3135 ao
270 3093 377 3135 sucum
408 3075 472 3135 eius
500 3093 555 3153 per
582 3073 706 3135 linteum
735 3077 893 3154 exprimito
921 3093 1048 3154 eumque
1081 3094 1117 3136 ex

105 3181 181 3243 aqua
202 3163 298 3224 mulsa
321 3171 373 3223 aut
395 3165 463 3224 vino
487 3163 649 3224 bibendum
672 3164 755 3244 dato;
779 3165 878 3223 omnia
896 3165 1117 3224 interaneorum

193 3315 392 3370 ioumbusba.
501 3313 697 3383 boollegibur.
812 3313 987 3369 Sminorem
1015 3315 1117 3370 modio.

108 3391 139 3440 15
158 3386 293 3456 pisillum.
382 3392 414 3440 19
433 3387 516 3442 verba
534 3385 681 3454 mellisque
699 3385 867 3440 tantundem
886 3384 1021 3440 defundes
1040 3388 1118 3456 apud

107 3457 272 3513 Gornnrium
290 3462 354 3514 onte
373 3457 503 3513 simililer
520 3455 591 3512 lotio
610 3457 741 3512 collocuta
759 3461 831 3512 aunt.
940 3463 975 3513 26
995 3458 1116 3514 candido.

106 3533 140 3583 28
159 3530 188 3583 eb
206 3530 340 3600 argentei.
412 3535 446 3586 29
466 3531 496 3584 eb
513 3534 577 3585 autc
595 3545 629 3583 ex
647 3544 698 3584 om.
