2540 3802
534 78 685 142 —202
734 113 772 124 -

91 258 126 306 6ο
145 262 216 306 num
240 243 285 302 lac
308 247 426 301 coctum
450 240 625 318 frequenter
648 239 738 302 bibat.
775 240 870 302 Rutae
889 259 990 302 semen
1009 259 1080 301 cum
1100 239 1167 302 sul·

50 319 56 330 ⁸
145 349 220 410 pure
243 331 309 388 vivo
332 330 446 388 minore
470 346 609 388 mensura
636 330 751 390 adiecto
779 338 863 390 aceto
891 331 1038 390 conterite
1067 329 1166 408 idque

144 421 263 480 ieiunus
287 436 372 478 mane
395 423 522 498 gustato,
546 419 656 497 optime
679 417 836 478 adversum
859 418 991 478 dolorem
1010 419 1166 478 stomachi

91 518 123 568 61
145 508 310 586 6661616616.
340 507 540 585 Repentinum
559 506 704 566 stomachi
722 505 855 568 dolorem
874 515 936 568 tres
951 508 1063 585 ceputii
1078 506 1167 586 longi

144 598 263 676 purgati
286 603 315 655 et
339 594 449 673 singuli
471 613 540 656 cum
563 594 649 655 melle
668 597 779 674 sumpti
798 597 897 658 statim
916 602 1021 658 666661
1040 611 1193 656 6666666

145 693 175 746 61
189 691 287 744 166666
301 683 410 744 malum
420 691 584 744 comestum
595 683 713 744 dolores
723 684 867 746 stomachi
876 684 1015 746 celeriter
1025 687 1168 762 castigat.

91 785 126 835 62
237 771 420 832 solutionem
436 772 581 833 stomachi
594 773 855 852 infirmitatemque
875 774 1032 840 coufirmat
1050 777 1099 834 661
1117 792 1168 834 se·
1261 847 1262 850 Ἴ

144 864 266 922 micocti
288 859 405 921 vitellus
430 869 460 922 61
483 861 575 939 gallae
598 879 667 939 pars
692 861 813 923 dimidia
835 864 914 942 trita,
943 864 969 922 si
992 870 1060 922 aute
1086 862 1166 924 duas
1261 859 1262 936 l

143 949 233 1011 horas
257 968 345 1028 quam
369 948 454 1010 cihus
478 958 613 1010 sumatur
636 953 727 1012 mixta
749 951 822 1012 haec
846 969 914 1012 cum
933 952 1002 1011 6166
1020 950 1166 1014 haurian-

90 1053 125 1101 66
145 1050 203 1118 166,
227 1039 278 1100 sed
298 1049 397 1098 vetere
417 1045 447 1098 et
465 1039 620 1118 tepefacto.
662 1038 826 1100 Rancorem
847 1039 991 1101 stomachi
1010 1047 1208 1119 1666666616

145 1147 213 1190 6666
242 1129 361 1188 6666166
389 1146 425 1188 ex
453 1129 514 1188 vini
541 1135 571 1188 61
594 1129 671 1188 66611
694 1146 787 1206 66666
810 1130 947 1208 66611666
972 1128 1106 1190 discocta
1125 1121 1165 1190 ’61

145 1216 211 1277 61166
235 1223 360 1294 sumpta.

90 1318 125 1367 64
232 1303 417 1364 lullationem
446 1303 591 1364 stomachi
614 1301 718 1364 sedant
740 1304 880 1385 marathi,
903 1305 932 1366 id
957 1312 1003 1365 est
1026 1305 1165 1386 feniculi,

145 1401 175 1454 61
194 1394 254 1472 apii
271 1392 387 1453 radices
406 1395 437 1452 in
456 1393 524 1452 vino
544 1391 610 1451 albo
629 1391 751 1452 odorato
771 1402 872 1454 661666
891 1394 1020 1474 1616666;
1041 1393 1078 1455 de
1098 1413 1163 1473 666
1261 1393 1262 1474 l

145 1485 171 1543 si
193 1483 312 1542 ieiunus
336 1483 402 1560 quis
422 1479 543 1560 cyathos
562 1481 637 1541 duos
655 1488 739 1559 66161
758 1500 826 1542 cum
849 1481 960 1542 calidae
979 1500 1072 1560 aquae
1091 1498 1206 1562 oya-1⁵
1261 1477 1262 1532 1

144 1571 196 1632 tho
224 1573 346 1650 mixtos,
380 1572 490 1649 optime
518 1572 690 1649 accipietur.
736 1569 830 1631 Butae
858 1589 977 1650 666666
1007 1570 1165 1648 hortensis
1261 1591 1262 1594 ’

144 1660 298 1740 paululum
322 1658 389 1719 cibo
408 1666 560 1738 sumptum
579 1657 675 1718 66116
694 1661 814 1738 6611666
834 1658 960 1720 dilutum
980 1667 1068 1738 atquc
1089 1679 1164 1740 epo·
1261 1671 1262 1702 ³

89 1761 124 1810 66
143 1757 208 1812 tum
235 1747 403 1808 inflationes
431 1747 576 1808 stomachi
598 1750 759 1826 conpescit.
805 1746 989 1808 lnllationem
1013 1749 1165 1811 stomachi
1261 1821 1262 1824 Ἴ

144 1837 349 1916 potentissime
364 1835 487 1896 discutit
500 1837 589 1896 limus
603 1835 688 1896 vituli
701 1854 808 1896 recens
823 1854 860 1896 ex
874 1838 943 1896 vino
957 1839 1043 1915 potui
1057 1837 1164 1920 datus3

142 1927 199 1986 hoc
223 1932 253 1985 et
276 1923 394 1985 dolores
418 1927 482 1986 6166
503 1944 540 1986 ex
560 1925 671 2003 frigore
691 1933 741 1986 661
759 1924 906 1986 cruditate
925 1924 1047 1986 obortos
1066 1929 1158 1988 mira-
1175 1943 1204 1982 ao

142 2014 242 2075 hiliter
265 2012 384 2074 mulcet.
1261 2085 1262 2088 Ἴ

88 2116 123 2165 66
231 2102 406 2163 Remedium
430 2101 586 2182 physicum
608 2119 747 2180 magnum
769 2101 926 2162 adversum
946 2101 1078 2165 dolorem
1098 2113 1160 2166 sto-

142 2192 248 2254 machi.
294 2188 952 2269 16166661666666616666611666611116666
989 2192 1160 2254 Aritmatho
1261 2237 1262 2254 2

142 2283 226 2342 auser
240 2280 358 2340 dolores
378 2279 523 2340 stomachi
540 2278 591 2359 illi,
607 2297 694 2357 quem
708 2281 826 2358 peperit
839 2278 895 2339 illa.
926 2279 1059 2342 Eandem
1073 2281 1158 2342 lami·

141 2387 210 2430 nam
237 2369 303 2428 lana
331 2371 393 2428 ovis
420 2370 503 2430 61666
531 2366 693 2428 involutam
721 2367 796 2430 66116
825 2367 861 2428 de
886 2367 957 2428 licio
989 2371 1204 2448 suspendeses

142 2465 172 2518 et
199 2457 230 2518 id
258 2474 348 2535 agens
376 2456 471 2518 dices:
508 2456 599 2518 Aufer
622 2456 695 2517 mihi
719 2455 764 2516 vel
786 2455 830 2516 illi
853 2456 998 2518 stomachi
1024 2457 1160 2520 dolorem

87 2557 122 2607 61
141 2545 314 2606 Aritmatho.
344 2543 484 2606 Dolorem
498 2553 528 2606 61
541 2545 724 2606 inflationem
739 2545 884 2606 stomachi
898 2553 981 2606 sanat
995 2549 1079 2608 iecur
1093 2547 1160 2626 lupi

142 2637 226 2714 66166
249 2652 325 2712 6666
348 2641 480 2714 coctum,
508 2653 577 2695 mox
605 2635 768 2695 arefactum
796 2643 826 2696 et
853 2637 958 2696 tritum
981 2637 1158 2715 potionique

141 2726 320 2804 inspersum.
718 2743 719 2746 ¹

86 2825 122 2874 66
229 2810 395 2870 Fastidium
423 2810 569 2870 stomachi
596 2810 707 2870 relevat
734 2829 861 2890 papaver
894 2811 1042 2894 silvestre,
1076 2814 1157 2892 quod
1171 2828 1201 2870 66

140 2899 252 2962 Gallice
275 2898 461 2960 66166616666
485 2899 603 2980 dicitur,
627 2901 731 2960 tritum
755 2907 786 2960 et
805 2919 840 2960 66
859 2899 934 2962 16616
953 2919 1085 2980 6666666
1104 2921 1158 2982 66-

141 2991 186 3050 161
209 2989 319 3049 datum.

87 3091 121 3140 69
229 3075 386 3156 Epithema
403 3077 548 3156 optimum
564 3075 599 3138 ad
615 3076 801 3138 stomachum
814 3077 1008 3139 reficiendum
1022 3079 1156 3159 mihique
1261 3077 1262 3080 ’

141 3167 381 3248 expertissimum
405 3165 563 3226 conficitur
586 3167 642 3227 sic:
665 3165 806 3247 Masticis,
829 3168 915 3249 turis,
938 3167 1024 3228 nardi
1046 3169 1156 3252 spicae,

231 3301 385 3372 laulpore.
450 3301 618 3370 1666666111.
684 3299 818 3357 86116111.
882 3302 975 3356 161166.
1038 3303 1153 3370 966166.

141 3373 294 3429 sudantur.
346 3379 379 3427 ts
399 3373 778 3429 6616661166661661261.
838 3375 871 3426 15
891 3371 1007 3443 cyatho]
1027 3373 1152 3442 cyathos.

142 3448 175 3496 1'1
194 3444 347 3512 paulolum.
421 3449 455 3499 20
474 3443 598 3498 obortus.
671 3449 704 3498 21
724 3440 842 3497 66161166.
