2518 3806
474 125 711 190 -353-

173 287 247 348 Cum
266 303 376 366 porcus
395 285 586 366 iugulabitur,
604 288 636 368 *is
664 288 716 365 qui
733 304 874 347 verrucas
892 287 1013 349 habebit
1032 306 1096 349 sau·
1117 301 1152 351 66

81 377 203 454 guinem
232 377 297 436 eius
325 373 459 435 subiecta
488 393 522 434 ea
552 376 687 454 corporis
718 383 803 454 parte
836 378 991 456 suscipiat,
1024 377 1095 438 dum

80 464 179 524 adhuc
203 461 316 524 calidus
336 463 427 544 exilit,
451 470 481 523 et
503 481 571 523 mox
594 463 647 524 ubi
671 465 835 545 siccaverit,
859 466 958 524 statim
982 464 1095 546 abluat,

81 554 177 613 citum
209 552 374 613 remedium
407 553 586 630 experietur.
631 551 739 612 Mulier
768 571 838 613 6666
865 553 1030 614 remedium
1057 555 1094 615 de

50 641 198 702 ascroiae
222 643 366 719 sanguine
388 640 485 701 faciat.

173 729 296 790 Stercus
323 728 526 790 columbinum
555 727 601 787 vel
628 727 724 788 solum
751 727 797 789 vel
820 746 888 790 cum
912 747 966 789 ovo
989 731 1094 790 tritum
1113 741 1149 792 66

81 818 252 879 dolentibus
276 817 409 878 articulis
433 817 551 878 inlitum
570 816 701 894 prodest.
738 816 817 878 Felle
836 818 939 879 ursino
958 818 1094 896 perfricti
1113 830 1147 878 61

80 907 202 968 articuli
224 905 326 968 dolore
349 905 569 966 relevabuntur.

170 994 209 1056 Ut
230 996 341 1077 lrigora
365 1003 395 1055 66
416 996 539 1073 pruinas
562 992 647 1054 lacile
672 995 838 1054 sustineant
855 1012 911 1054 666
930 994 1093 1055 adurantur
1112 1006 1147 1055 66

36 1099 65 1140 1o
80 1083 213 1163 articuli,
241 1093 339 1144 terrac
366 1082 442 1142 malo
470 1090 595 1143 contuso
619 1100 688 1142 cum
711 1084 836 1160 axungia
859 1090 960 1142 vetere
983 1101 1093 1162 peruu-

79 1179 218 1250 guantur.
250 1171 386 1250 Pampini
406 1173 510 1230 vitium
530 1171 593 1231 triti
612 1170 740 1231 admixta
766 1170 917 1231 hordiacia
935 1171 1028 1232 farina
1047 1190 1093 1232 ar·
1112 1184 1146 1233 66

78 1259 241 1320 ticulcrum
264 1259 376 1320 morbis
400 1259 566 1320 medentur.
603 1259 776 1320 Aoriiolium
800 1277 868 1320 oum
891 1267 958 1320 ture
983 1259 1147 1322 66661664

79 1356 110 1408 66
128 1348 193 1408 6166
213 1347 368 1409 subactum
387 1349 609 1428 inpositumque
628 1349 766 1409 medetur
780 1347 921 1409 articulis.
952 1347 1092 1410 Incussos
1111 1360 1146 1411 66

79 1436 221 1496 articulos
249 1455 422 1498 aranearum
448 1437 524 1496 telae
548 1454 617 1496 cum
640 1436 705 1497 oleo
727 1439 873 1515 inpositae
897 1436 1091 1497 saluberrime

38 1539 65 1581 aa
80 1532 192 1585 sanant.
225 1524 378 1585 Fracturis
396 1524 591 1584 articulorum
609 1525 685 1584 cinis
704 1543 740 1584 ex
760 1523 922 1585 semoribus
941 1525 1089 1602 pecudum
1110 1538 1145 1588 66

79 1613 175 1674 166666
199 1620 320 1673 etcum
344 1630 411 1672 cera
434 1613 545 1672 mixtus
569 1613 643 1670 mire
667 1612 812 1672 medetur.

167 1701 310 1762 Invictam
335 1701 487 1780 potionem
511 1699 547 1759 ad
571 1701 709 1760 sciaticus
737 1708 768 1760 66
790 1699 959 1760 arthriticus
982 1701 1091 1761 facien·
1110 1714 1145 1764 66

79 1799 140 1850 tem
162 1793 194 1849 in
216 1789 303 1850 titulo
327 1790 482 1867 superiore
505 1788 542 1848 de
566 1789 696 1848 sciaticis
714 1788 885 1867 plenissime
905 1791 1090 1870 scripsimus,

79 1877 132 1938 sed
155 1880 295 1957 qnoniam
318 1886 377 1938 tam
401 1877 518 1938 divinus
541 1878 606 1937 eius
630 1877 753 1937 allectus
777 1885 831 1956 est,
854 1877 1017 1937 iterandam
1036 1897 1091 1956 pu·

8 1967 9 1970 ’
39 1983 67 2022 eo
80 1967 148 2045 tavi,
167 1984 205 2026 66
220 1969 287 2045 quis
305 1965 468 2026 arthriticis
482 1965 613 2026 remedia
627 1967 785 2044 requirens
799 1965 887 2026 huius
905 1968 1091 2044 ignoratione

79 2054 204 2116 lallatur.
228 2055 330 2115 Fimus
353 2072 424 2132 ergo
447 2053 534 2115 ibicis
557 2057 587 2114 in
608 2053 680 2114 silva
700 2053 745 2114 rel
763 2056 795 2114 in
813 2062 913 2115 monte
932 2053 1090 2134 colligitur,

8 2187 9 2192 η
79 2145 106 2204 61
128 2144 194 2204 fieri
215 2150 315 2222 potest
338 2142 516 2224 lunaXVl13
540 2145 587 2202 sin
610 2161 659 2202 res
683 2142 810 2223 urgebit,
834 2160 1022 2221 quocumque
1042 2143 1089 2204 die

79 2231 241 2312 colligitur3
273 2249 344 2291 6666
374 2230 452 2290 XVll
483 2231 553 2292 luna
585 2231 833 2292 medicamentum
865 2231 931 2290 lieri
962 2239 1090 2312 oportet,

79 2320 157 2398 quod
181 2323 224 2380 sic
248 2320 351 2380 iacies:
383 2318 500 2380 Fimum
526 2321 600 2400 eius,
624 2326 767 2398 quantum
790 2337 890 2400 pugno
914 2319 1002 2399 pleno
1026 2319 1090 2381 tolli

39 2424 66 2466 25
79 2410 197 2489 poterit,
216 2408 375 2469 dummodo
394 2407 502 2487 pilulae
521 2409 618 2486 inpari
636 2426 761 2468 numero
782 2411 850 2490 sint,
868 2416 1006 2469 conteres
1020 2407 1090 2468 vali-

79 2497 198 2558 dissime
227 2497 262 2557 ad
291 2515 437 2557 summam
463 2496 625 2577 levitatem,
657 2505 722 2557 tum
753 2499 865 2576 piperis
893 2515 983 2576 grana
1011 2495 1090 2556 XXV

78 2586 167 2646 addes
195 2593 225 2646 66
251 2585 347 2646 mellis
374 2585 523 2646 heminam
546 2592 576 2644 et
599 2585 650 2644 diu
673 2592 767 2666 teres3
794 2586 901 2646 dehinc
925 2587 986 2646 vini
1008 2592 1088 2645 vete-

78 2676 120 2734 ris
138 2673 247 2734 adicies
266 2671 298 2733 8
317 2673 371 2733 1111
390 2681 420 2734 66
439 2673 552 2734 conditi
569 2691 653 2733 more
672 2673 810 2734 miscebis
829 2676 995 2754 potionem3
1017 2691 1088 2734 sane

79 2764 129 2841 qui
156 2768 334 2840 accepturus
363 2770 408 2822 666
436 2780 471 2822 ex
494 2761 541 2822 die
566 2761 643 2821 lovis
666 2761 772 2823 diebus
795 2762 845 2822 Vll
869 2763 1018 2823 continuis
1042 2781 1089 2822 ac-

39 2869 64 2909 ao
79 2852 179 2930 cipiat3
208 2852 324 2910 etiamsi
346 2849 484 2910 omnibus
507 2867 630 2910 ossuum
655 2851 877 2929 compaginibus
900 2851 1034 2912 adfectus
1058 2858 1089 2910 et

78 2947 247 3000 contractus
271 2937 394 3019 iacebit,
421 2941 499 2998 iutra
527 2939 590 2999 dies
615 2937 665 2998 Vll
688 2941 729 2999 ita
752 2939 917 3021 sanabitur,
945 2947 980 2999 ut
1002 2957 1088 2999 num·

78 3046 164 3107 quam
186 3026 308 3107 paribus
332 3025 484 3086 doloribus
507 3025 675 3106 inplicetur.

163 3115 381 3196 Condylomatis
409 3115 603 3176 articulorum
631 3123 661 3175 et
685 3133 845 3175 nervorum
869 3112 980 3174 sertula
1003 3113 1086 3174 Cam·
1105 3124 1141 3174 68

164 3268 248 3324 aubi
267 3285 317 3324 666.
413 3267 516 3322 66616.
614 3266 839 3322 61616τεί666.
929 3265 1085 3334 aproines.

80 3341 284 3408 17666661666,
308 3341 372 3394 item
397 3342 439 3392 18.
509 3343 542 3393 18
562 3337 596 3391 de
615 3353 665 3392 om.
746 3335 901 3406 16666661.
976 3335 1088 3390 61661-

78 3410 188 3478 legitur,
206 3411 270 3465 item
288 3415 331 3465 66.
386 3415 420 3464 23
439 3408 513 3481 fieri]
532 3409 594 3464 feci.
639 3414 674 3463 25
692 3407 877 3463 veledissime.
923 3412 958 3461 30
972 3423 1087 3462 ossuum

79 3482 149 3550 (61616
167 3482 271 3536 ossium
287 3481 447 3536 Carnarius.
520 3487 554 3536 63
570 3478 767 3534 condilimetis.
841 3477 972 3547 serpullo.

129 3579 289 3632 Maacnnuus,
303 3590 342 3621 66,
356 3581 512 3621 Haustanen.
892 3571 925 3620 23
