<?xml version="1.0" encoding="UTF-8"?>
<!DOCTYPE html PUBLIC "-//W3C//DTD XHTML 1.0 Transitional//EN"
    "http://www.w3.org/TR/xhtml1/DTD/xhtml1-transitional.dtd">
<html xmlns="http://www.w3.org/1999/xhtml" xml:lang="en" lang="en">
 <head>
  <title>
</title>
<meta http-equiv="Content-Type" content="text/html;charset=utf-8" />
  <meta name='ocr-system' content='tesseract 3.04.00' />
  <meta name='ocr-capabilities' content='ocr_page ocr_carea ocr_par ocr_line ocrx_word'/>
</head>
<body>
  <div class='ocr_page' id='page_1' title='image "./marcellidemedic02helmgoog_0073.png"; bbox 0 0 2636 3790; ppageno 0'>
   <div class='ocr_carea' id='block_1_1' title="bbox 473 134 690 198">
    <p class='ocr_par' dir='ltr' id='par_1_1' title="bbox 473 134 690 198">
     <span class='ocr_line' id='line_1_1' title="bbox 473 134 690 198; baseline 0 -18"><span class='ocrx_word' id='word_1_1' title='bbox 473 134 690 198; x_wconf 76' lang='grc'>...61-</span> 
     </span>
    </p>
   </div>
   <div class='ocr_carea' id='block_1_2' title="bbox 41 295 1135 3297">
    <p class='ocr_par' dir='ltr' id='par_1_2' title="bbox 41 295 1135 3297">
     <span class='ocr_line' id='line_1_2' title="bbox 78 295 1125 377; baseline -0.001 -20"><span class='ocrx_word' id='word_1_2' title='bbox 78 316 144 357; x_wconf 89' lang='lat' dir='ltr'><strong>cum</strong></span> <span class='ocrx_word' id='word_1_3' title='bbox 173 297 221 355; x_wconf 90' lang='lat' dir='ltr'><strong>ovi</strong></span> <span class='ocrx_word' id='word_1_4' title='bbox 249 303 356 374; x_wconf 88' lang='lat' dir='ltr'><strong>aquato</strong></span> <span class='ocrx_word' id='word_1_5' title='bbox 384 295 500 375; x_wconf 91' lang='lat' dir='ltr'><strong>liquore</strong></span> <span class='ocrx_word' id='word_1_6' title='bbox 527 314 581 375; x_wconf 92' lang='lat' dir='ltr'><strong>per</strong></span> <span class='ocrx_word' id='word_1_7' title='bbox 604 314 645 356; x_wconf 88' lang='lat' dir='ltr'><strong>se.</strong></span> <span class='ocrx_word' id='word_1_8' title='bbox 691 295 813 356; x_wconf 83' lang='lat' dir='ltr'>Necnon</span> <span class='ocrx_word' id='word_1_9' title='bbox 836 305 866 356; x_wconf 87' lang='lat' dir='ltr'><strong>et</strong></span> <span class='ocrx_word' id='word_1_10' title='bbox 888 296 946 357; x_wconf 90' lang='lat' dir='ltr'><strong>hoo</strong></span> <span class='ocrx_word' id='word_1_11' title='bbox 968 296 1125 377; x_wconf 77' lang='lat' dir='ltr'><strong>collyrioa</strong></span> 
     </span>
     <span class='ocr_line' id='line_1_3' title="bbox 78 383 1090 464; baseline 0.002 -19"><span class='ocrx_word' id='word_1_12' title='bbox 78 384 199 464; x_wconf 88' lang='lat' dir='ltr'><strong>quidam</strong></span> <span class='ocrx_word' id='word_1_13' title='bbox 217 385 248 444; x_wconf 90' lang='lat' dir='ltr'><strong>in</strong></span> <span class='ocrx_word' id='word_1_14' title='bbox 268 386 362 444; x_wconf 87' lang='lat' dir='ltr'><strong>initiis</strong></span> <span class='ocrx_word' id='word_1_15' title='bbox 381 393 515 460; x_wconf 88' lang='lat' dir='ltr'><strong>utuntur,</strong></span> <span class='ocrx_word' id='word_1_16' title='bbox 540 384 619 463; x_wconf 88' lang='lat' dir='ltr'><strong>quod</strong></span> <span class='ocrx_word' id='word_1_17' title='bbox 638 403 653 444; x_wconf 92' lang='lat' dir='ltr'><strong>a</strong></span> <span class='ocrx_word' id='word_1_18' title='bbox 673 386 792 445; x_wconf 90' lang='lat' dir='ltr'><strong>cinereo</strong></span> <span class='ocrx_word' id='word_1_19' title='bbox 811 383 910 444; x_wconf 92' lang='lat' dir='ltr'><strong>colore</strong></span> <span class='ocrx_word' id='word_1_20' title='bbox 930 385 1090 464; x_wconf 90' lang='lat' dir='ltr'><strong>spodiacou</strong></span> 
     </span>
     <span class='ocr_line' id='line_1_4' title="bbox 78 471 1090 554; baseline 0.002 -20"><span class='ocrx_word' id='word_1_21' title='bbox 78 471 256 552; x_wconf 87' lang='lat' dir='ltr'><strong>appellatur,</strong></span> <span class='ocrx_word' id='word_1_22' title='bbox 280 474 459 550; x_wconf 85' lang='lat' dir='ltr'><strong>conponilur</strong></span> <span class='ocrx_word' id='word_1_23' title='bbox 482 481 581 533; x_wconf 87' lang='lat' dir='ltr'><strong>autem</strong></span> <span class='ocrx_word' id='word_1_24' title='bbox 605 492 640 533; x_wconf 85' lang='lat' dir='ltr'><strong>ex</strong></span> <span class='ocrx_word' id='word_1_25' title='bbox 664 473 725 533; x_wconf 91' lang='lat' dir='ltr'><strong>his:</strong></span> <span class='ocrx_word' id='word_1_26' title='bbox 754 471 891 533; x_wconf 79' lang='lat' dir='ltr'><strong>Cadmiae</strong></span> <span class='ocrx_word' id='word_1_27' title='bbox 914 472 1090 554; x_wconf 87' lang='lat' dir='ltr'><strong>botryitidos</strong></span> 
     </span>
     <span class='ocr_line' id='line_1_5' title="bbox 78 559 1090 641; baseline 0.002 -19"><span class='ocrx_word' id='word_1_28' title='bbox 78 572 162 622; x_wconf 82' lang='lat' dir='ltr'><strong>ustae</strong></span> <span class='ocrx_word' id='word_1_29' title='bbox 191 579 282 640; x_wconf 88' lang='lat' dir='ltr'><strong>super</strong></span> <span class='ocrx_word' id='word_1_30' title='bbox 311 569 400 640; x_wconf 88' lang='lat' dir='ltr'><strong>testa,</strong></span> <span class='ocrx_word' id='word_1_31' title='bbox 428 561 522 622; x_wconf 92' lang='lat' dir='ltr'><strong>donec</strong></span> <span class='ocrx_word' id='word_1_32' title='bbox 550 561 720 641; x_wconf 78' lang='lat' dir='ltr'><strong>candescat,</strong></span> <span class='ocrx_word' id='word_1_33' title='bbox 748 569 779 621; x_wconf 92' lang='lat' dir='ltr'><strong>et</strong></span> <span class='ocrx_word' id='word_1_34' title='bbox 802 563 870 622; x_wconf 88' lang='lat' dir='ltr'><strong>rino</strong></span> <span class='ocrx_word' id='word_1_35' title='bbox 893 559 1019 623; x_wconf 80' lang='lat' dir='ltr'><strong>Falerno</strong></span> <span class='ocrx_word' id='word_1_36' title='bbox 1042 582 1090 624; x_wconf 85' lang='lat' dir='ltr'><strong>ex·</strong></span> 
     </span>
     <span class='ocr_line' id='line_1_6' title="bbox 54 648 1092 730; baseline 0.002 -22"><span class='ocrx_word' id='word_1_37' title='bbox 54 653 188 711; x_wconf 78' lang='lat' dir='ltr'><strong>stinctae</strong></span> <span class='ocrx_word' id='word_1_38' title='bbox 209 648 235 709; x_wconf 93' lang='lat' dir='ltr'><strong>X</strong></span> <span class='ocrx_word' id='word_1_39' title='bbox 254 649 313 728; x_wconf 88' lang='lat' dir='ltr'><strong>XL,</strong></span> <span class='ocrx_word' id='word_1_40' title='bbox 334 658 434 710; x_wconf 80' lang='lat' dir='ltr'><strong>cretae</strong></span> <span class='ocrx_word' id='word_1_41' title='bbox 454 649 568 710; x_wconf 77' lang='lat' dir='ltr'><strong>Samiae</strong></span> <span class='ocrx_word' id='word_1_42' title='bbox 588 668 677 729; x_wconf 89' lang='lat' dir='ltr'><strong>quam</strong></span> <span class='ocrx_word' id='word_1_43' title='bbox 695 658 792 710; x_wconf 83' lang='lat' dir='ltr'><strong>astera</strong></span> <span class='ocrx_word' id='word_1_44' title='bbox 812 658 917 710; x_wconf 85' lang='lat' dir='ltr'><strong>vocant</strong></span> <span class='ocrx_word' id='word_1_45' title='bbox 936 649 961 710; x_wconf 92' lang='lat' dir='ltr'><strong>X</strong></span> <span class='ocrx_word' id='word_1_46' title='bbox 977 650 1092 730; x_wconf 89' lang='lat' dir='ltr'>LXXX,</span> 
     </span>
     <span class='ocr_line' id='line_1_7' title="bbox 78 737 1092 819; baseline -0.001 -20"><span class='ocrx_word' id='word_1_47' title='bbox 78 738 161 799; x_wconf 89' lang='lat' dir='ltr'><strong>stibii</strong></span> <span class='ocrx_word' id='word_1_48' title='bbox 184 740 263 799; x_wconf 88' lang='lat' dir='ltr'><strong>cocti</strong></span> <span class='ocrx_word' id='word_1_49' title='bbox 286 737 398 818; x_wconf 89' lang='lat' dir='ltr'>XXX,</span> <span class='ocrx_word' id='word_1_50' title='bbox 425 741 474 817; x_wconf 92' lang='lat' dir='ltr'><strong>opi</strong></span> <span class='ocrx_word' id='word_1_51' title='bbox 494 738 519 798; x_wconf 98' lang='lat' dir='ltr'><strong>X</strong></span> <span class='ocrx_word' id='word_1_52' title='bbox 538 738 574 819; x_wconf 88' lang='lat' dir='ltr'><strong>V,</strong></span> <span class='ocrx_word' id='word_1_53' title='bbox 602 741 730 816; x_wconf 79' lang='lat' dir='ltr'>gummis</span> <span class='ocrx_word' id='word_1_54' title='bbox 753 738 967 800; x_wconf 76' lang='lat' dir='ltr'><strong>Alexandrinae</strong></span> <span class='ocrx_word' id='word_1_55' title='bbox 987 738 1012 798; x_wconf 94' lang='lat' dir='ltr'><strong>X</strong></span> <span class='ocrx_word' id='word_1_56' title='bbox 1030 738 1092 799; x_wconf 89' lang='lat' dir='ltr'><strong>XX.</strong></span> 
     </span>
     <span class='ocr_line' id='line_1_8' title="bbox 78 825 1092 907; baseline 0.001 -20"><span class='ocrx_word' id='word_1_57' title='bbox 78 827 232 888; x_wconf 86' lang='lat' dir='ltr'><strong>Teruntur</strong></span> <span class='ocrx_word' id='word_1_58' title='bbox 264 827 337 887; x_wconf 91' lang='lat' dir='ltr'><strong>haec</strong></span> <span class='ocrx_word' id='word_1_59' title='bbox 370 829 467 887; x_wconf 89' lang='lat' dir='ltr'><strong>omnia</strong></span> <span class='ocrx_word' id='word_1_60' title='bbox 499 825 620 905; x_wconf 85' lang='lat' dir='ltr'><strong>pluviali</strong></span> <span class='ocrx_word' id='word_1_61' title='bbox 651 845 727 905; x_wconf 89' lang='lat' dir='ltr'><strong>aqua</strong></span> <span class='ocrx_word' id='word_1_62' title='bbox 760 837 919 907; x_wconf 88' lang='lat' dir='ltr'><strong>macerata,</strong></span> <span class='ocrx_word' id='word_1_63' title='bbox 956 826 1092 888; x_wconf 88' lang='lat' dir='ltr'><strong>ultimum</strong></span> 
     </span>
     <span class='ocr_line' id='line_1_9' title="bbox 78 915 1092 995; baseline 0 -19"><span class='ocrx_word' id='word_1_64' title='bbox 78 917 192 995; x_wconf 90' lang='lat' dir='ltr'><strong>gummi</strong></span> <span class='ocrx_word' id='word_1_65' title='bbox 219 915 355 976; x_wconf 90' lang='lat' dir='ltr'><strong>adicitur.</strong></span> <span class='ocrx_word' id='word_1_66' title='bbox 401 916 477 976; x_wconf 83' lang='lat' dir='ltr'><strong>Ante</strong></span> <span class='ocrx_word' id='word_1_67' title='bbox 500 934 571 976; x_wconf 84' lang='lat' dir='ltr'><strong>saue</strong></span> <span class='ocrx_word' id='word_1_68' title='bbox 594 923 693 976; x_wconf 90' lang='lat' dir='ltr'><strong>cetera</strong></span> <span class='ocrx_word' id='word_1_69' title='bbox 716 915 752 975; x_wconf 90' lang='lat' dir='ltr'><strong>ad</strong></span> <span class='ocrx_word' id='word_1_70' title='bbox 775 915 924 976; x_wconf 85' lang='lat' dir='ltr'><strong>levitatem</strong></span> <span class='ocrx_word' id='word_1_71' title='bbox 948 933 1092 977; x_wconf 77' lang='lat' dir='ltr'><strong>sarmatam</strong></span> 
     </span>
     <span class='ocr_line' id='line_1_10' title="bbox 79 1003 1092 1082; baseline 0 -18"><span class='ocrx_word' id='word_1_72' title='bbox 79 1013 216 1065; x_wconf 85' lang='lat' dir='ltr'><strong>terantur</strong></span> <span class='ocrx_word' id='word_1_73' title='bbox 244 1013 275 1065; x_wconf 91' lang='lat' dir='ltr'><strong>et</strong></span> <span class='ocrx_word' id='word_1_74' title='bbox 302 1023 339 1064; x_wconf 89' lang='lat' dir='ltr'><strong>ne</strong></span> <span class='ocrx_word' id='word_1_75' title='bbox 367 1005 463 1082; x_wconf 91' lang='lat' dir='ltr'><strong>prima</strong></span> <span class='ocrx_word' id='word_1_76' title='bbox 491 1003 623 1065; x_wconf 90' lang='lat' dir='ltr'><strong>tunicula</strong></span> <span class='ocrx_word' id='word_1_77' title='bbox 651 1003 730 1064; x_wconf 90' lang='lat' dir='ltr'><strong>oculi</strong></span> <span class='ocrx_word' id='word_1_78' title='bbox 758 1021 845 1064; x_wconf 80' lang='lat' dir='ltr'><strong>exesa</strong></span> <span class='ocrx_word' id='word_1_79' title='bbox 872 1003 978 1065; x_wconf 87' lang='lat' dir='ltr'><strong>aliasve</strong></span> <span class='ocrx_word' id='word_1_80' title='bbox 1011 1003 1092 1065; x_wconf 85' lang='lat' dir='ltr'><strong>exul·</strong></span> 
     </span>
     <span class='ocr_line' id='line_1_11' title="bbox 45 1092 1092 1174; baseline 0.007 -27"><span class='ocrx_word' id='word_1_81' title='bbox 45 1100 183 1154; x_wconf 76' lang='lat' dir='ltr'><strong>rocerata</strong></span> <span class='ocrx_word' id='word_1_82' title='bbox 211 1095 262 1173; x_wconf 90' lang='lat' dir='ltr'><strong>sit,</strong></span> <span class='ocrx_word' id='word_1_83' title='bbox 291 1101 325 1153; x_wconf 88' lang='lat' dir='ltr'><strong>ut</strong></span> <span class='ocrx_word' id='word_1_84' title='bbox 352 1109 461 1171; x_wconf 93' lang='lat' dir='ltr'><strong>purum</strong></span> <span class='ocrx_word' id='word_1_85' title='bbox 489 1092 575 1153; x_wconf 89' lang='lat' dir='ltr'><strong>ulcus</strong></span> <span class='ocrx_word' id='word_1_86' title='bbox 604 1094 651 1173; x_wconf 91' lang='lat' dir='ltr'><strong>sit,</strong></span> <span class='ocrx_word' id='word_1_87' title='bbox 679 1092 804 1154; x_wconf 78' lang='lat' dir='ltr'>diluitur</span> <span class='ocrx_word' id='word_1_88' title='bbox 831 1095 879 1153; x_wconf 85' lang='lat' dir='ltr'><strong>ovi</strong></span> <span class='ocrx_word' id='word_1_89' title='bbox 906 1092 984 1174; x_wconf 88' lang='lat' dir='ltr'><strong>albo,</strong></span> <span class='ocrx_word' id='word_1_90' title='bbox 1013 1093 1092 1172; x_wconf 90' lang='lat' dir='ltr'><strong>quod</strong></span> 
     </span>
     <span class='ocr_line' id='line_1_12' title="bbox 80 1180 1128 1260; baseline 0.002 -18"><span class='ocrx_word' id='word_1_91' title='bbox 80 1191 126 1242; x_wconf 87' lang='lat' dir='ltr'><strong>est</strong></span> <span class='ocrx_word' id='word_1_92' title='bbox 149 1181 213 1241; x_wconf 89' lang='lat' dir='ltr'><strong>fere</strong></span> <span class='ocrx_word' id='word_1_93' title='bbox 237 1183 454 1242; x_wconf 87' lang='lat' dir='ltr'><strong>tenuissimum.</strong></span> <span class='ocrx_word' id='word_1_94' title='bbox 498 1180 657 1260; x_wconf 77' lang='lat' dir='ltr'><strong>Collyrium</strong></span> <span class='ocrx_word' id='word_1_95' title='bbox 680 1183 872 1260; x_wconf 89' lang='lat' dir='ltr'><strong>psittacinum</strong></span> <span class='ocrx_word' id='word_1_96' title='bbox 895 1200 911 1242; x_wconf 90' lang='lat' dir='ltr'><strong>a</strong></span> <span class='ocrx_word' id='word_1_97' title='bbox 935 1182 1033 1243; x_wconf 90' lang='lat' dir='ltr'><strong>colore</strong></span> <span class='ocrx_word' id='word_1_98' title='bbox 1052 1184 1093 1244; x_wconf 89' lang='lat' dir='ltr'><strong>ita</strong></span> <span class='ocrx_word' id='word_1_99' title='bbox 1112 1195 1128 1244; x_wconf 83' lang='grc'><strong>6</strong></span> 
     </span>
     <span class='ocr_line' id='line_1_13' title="bbox 81 1269 1094 1350; baseline 0.002 -20"><span class='ocrx_word' id='word_1_100' title='bbox 81 1270 195 1331; x_wconf 89' lang='lat' dir='ltr'><strong>dictum</strong></span> <span class='ocrx_word' id='word_1_101' title='bbox 219 1270 290 1330; x_wconf 86' lang='lat' dir='ltr'><strong>lacit</strong></span> <span class='ocrx_word' id='word_1_102' title='bbox 313 1269 350 1330; x_wconf 90' lang='lat' dir='ltr'><strong>ad</strong></span> <span class='ocrx_word' id='word_1_103' title='bbox 373 1269 515 1350; x_wconf 85' lang='lat' dir='ltr'><strong>epiloras,</strong></span> <span class='ocrx_word' id='word_1_104' title='bbox 539 1288 613 1349; x_wconf 90' lang='lat' dir='ltr'><strong>quae</strong></span> <span class='ocrx_word' id='word_1_105' title='bbox 637 1289 706 1331; x_wconf 90' lang='lat' dir='ltr'><strong>cum</strong></span> <span class='ocrx_word' id='word_1_106' title='bbox 730 1272 814 1332; x_wconf 89' lang='lat' dir='ltr'><strong>tenui</strong></span> <span class='ocrx_word' id='word_1_107' title='bbox 836 1279 866 1332; x_wconf 92' lang='lat' dir='ltr'><strong>et</strong></span> <span class='ocrx_word' id='word_1_108' title='bbox 889 1273 951 1332; x_wconf 88' lang='lat' dir='ltr'><strong>acri</strong></span> <span class='ocrx_word' id='word_1_109' title='bbox 973 1271 1094 1332; x_wconf 91' lang='lat' dir='ltr'><strong>lacrima</strong></span> 
     </span>
     <span class='ocr_line' id='line_1_14' title="bbox 82 1357 1095 1438; baseline 0.003 -20"><span class='ocrx_word' id='word_1_110' title='bbox 82 1361 227 1438; x_wconf 82' lang='lat' dir='ltr'><strong>existunt,</strong></span> <span class='ocrx_word' id='word_1_111' title='bbox 251 1359 322 1418; x_wconf 89' lang='lat' dir='ltr'><strong>item</strong></span> <span class='ocrx_word' id='word_1_112' title='bbox 345 1357 381 1418; x_wconf 86' lang='lat' dir='ltr'><strong>ad</strong></span> <span class='ocrx_word' id='word_1_113' title='bbox 405 1361 538 1420; x_wconf 85' lang='lat' dir='ltr'><strong>ustiones</strong></span> <span class='ocrx_word' id='word_1_114' title='bbox 562 1366 593 1419; x_wconf 91' lang='lat' dir='ltr'><strong>et</strong></span> <span class='ocrx_word' id='word_1_115' title='bbox 616 1358 727 1420; x_wconf 89' lang='lat' dir='ltr'><strong>solutas</strong></span> <span class='ocrx_word' id='word_1_116' title='bbox 750 1361 906 1420; x_wconf 75' lang='lat' dir='ltr'><strong>cicatrices</strong></span> <span class='ocrx_word' id='word_1_117' title='bbox 929 1371 959 1420; x_wconf 86' lang='lat' dir='ltr'><strong>el</strong></span> <span class='ocrx_word' id='word_1_118' title='bbox 980 1367 1095 1422; x_wconf 87' lang='lat' dir='ltr'><strong>vastum</strong></span> 
     </span>
     <span class='ocr_line' id='line_1_15' title="bbox 80 1445 1094 1527; baseline 0.001 -19"><span class='ocrx_word' id='word_1_119' title='bbox 80 1457 239 1527; x_wconf 86' lang='lat' dir='ltr'><strong>tumorem,</strong></span> <span class='ocrx_word' id='word_1_120' title='bbox 263 1446 341 1526; x_wconf 91' lang='lat' dir='ltr'><strong>quod</strong></span> <span class='ocrx_word' id='word_1_121' title='bbox 360 1448 429 1526; x_wconf 91' lang='lat' dir='ltr'><strong>quia</strong></span> <span class='ocrx_word' id='word_1_122' title='bbox 448 1445 513 1507; x_wconf 92' lang='lat' dir='ltr'><strong>loco</strong></span> <span class='ocrx_word' id='word_1_123' title='bbox 531 1447 681 1508; x_wconf 90' lang='lat' dir='ltr'><strong>interdum</strong></span> <span class='ocrx_word' id='word_1_124' title='bbox 700 1448 818 1509; x_wconf 87' lang='lat' dir='ltr'><strong>videtur</strong></span> <span class='ocrx_word' id='word_1_125' title='bbox 840 1447 1007 1527; x_wconf 82' lang='lat' dir='ltr'><strong>propellere</strong></span> <span class='ocrx_word' id='word_1_126' title='bbox 1025 1467 1094 1510; x_wconf 92' lang='lat' dir='ltr'><strong>ocu-</strong></span> 
     </span>
     <span class='ocr_line' id='line_1_16' title="bbox 43 1535 1094 1616; baseline 0.009 -27"><span class='ocrx_word' id='word_1_127' title='bbox 43 1549 67 1590; x_wconf 83' lang='lat'><strong>15</strong></span> <span class='ocrx_word' id='word_1_128' title='bbox 81 1535 158 1616; x_wconf 90' lang='lat' dir='ltr'><strong>lum,</strong></span> <span class='ocrx_word' id='word_1_129' title='bbox 186 1537 342 1614; x_wconf 85' lang='lat' dir='ltr'><strong>proptosin</strong></span> <span class='ocrx_word' id='word_1_130' title='bbox 368 1544 486 1615; x_wconf 86' lang='lat' dir='ltr'><strong>vocant,</strong></span> <span class='ocrx_word' id='word_1_131' title='bbox 515 1554 583 1596; x_wconf 88' lang='lat' dir='ltr'><strong>cum</strong></span> <span class='ocrx_word' id='word_1_132' title='bbox 607 1538 654 1596; x_wconf 90' lang='lat' dir='ltr'><strong>ovi</strong></span> <span class='ocrx_word' id='word_1_133' title='bbox 676 1535 742 1596; x_wconf 88' lang='lat' dir='ltr'><strong>albo</strong></span> <span class='ocrx_word' id='word_1_134' title='bbox 767 1537 846 1616; x_wconf 87' lang='lat' dir='ltr'><strong>quod</strong></span> <span class='ocrx_word' id='word_1_135' title='bbox 870 1545 916 1597; x_wconf 89' lang='lat' dir='ltr'><strong>est</strong></span> <span class='ocrx_word' id='word_1_136' title='bbox 938 1547 1028 1598; x_wconf 90' lang='lat' dir='ltr'><strong>tenue</strong></span> <span class='ocrx_word' id='word_1_137' title='bbox 1052 1540 1094 1598; x_wconf 93' lang='lat' dir='ltr'><strong>in·</strong></span> 
     </span>
     <span class='ocr_line' id='line_1_17' title="bbox 79 1623 1096 1705; baseline 0.001 -22"><span class='ocrx_word' id='word_1_138' title='bbox 79 1626 218 1705; x_wconf 86' lang='lat' dir='ltr'><strong>ponitur,</strong></span> <span class='ocrx_word' id='word_1_139' title='bbox 245 1623 296 1684; x_wconf 88' lang='lat' dir='ltr'><strong>sed</strong></span> <span class='ocrx_word' id='word_1_140' title='bbox 320 1626 480 1702; x_wconf 89' lang='lat' dir='ltr'><strong>praecipue</strong></span> <span class='ocrx_word' id='word_1_141' title='bbox 504 1623 586 1703; x_wconf 84' lang='lat' dir='ltr'><strong>facit,</strong></span> <span class='ocrx_word' id='word_1_142' title='bbox 615 1643 683 1684; x_wconf 89' lang='lat' dir='ltr'><strong>cum</strong></span> <span class='ocrx_word' id='word_1_143' title='bbox 707 1627 792 1703; x_wconf 88' lang='lat' dir='ltr'><strong>quasi</strong></span> <span class='ocrx_word' id='word_1_144' title='bbox 820 1626 962 1703; x_wconf 90' lang='lat' dir='ltr'><strong>sanguine</strong></span> <span class='ocrx_word' id='word_1_145' title='bbox 991 1625 1096 1686; x_wconf 88' lang='lat' dir='ltr'><strong>suiiusi</strong></span> 
     </span>
     <span class='ocr_line' id='line_1_18' title="bbox 80 1711 1094 1792; baseline -0.001 -20"><span class='ocrx_word' id='word_1_146' title='bbox 80 1719 153 1772; x_wconf 87' lang='lat' dir='ltr'><strong>suut</strong></span> <span class='ocrx_word' id='word_1_147' title='bbox 177 1711 257 1772; x_wconf 87' lang='lat' dir='ltr'><strong>oculi</strong></span> <span class='ocrx_word' id='word_1_148' title='bbox 280 1719 310 1772; x_wconf 93' lang='lat' dir='ltr'><strong>et</strong></span> <span class='ocrx_word' id='word_1_149' title='bbox 332 1711 370 1772; x_wconf 92' lang='lat' dir='ltr'><strong>ob</strong></span> <span class='ocrx_word' id='word_1_150' title='bbox 392 1712 422 1772; x_wconf 93' lang='lat' dir='ltr'><strong>id</strong></span> <span class='ocrx_word' id='word_1_151' title='bbox 447 1711 560 1773; x_wconf 91' lang='lat' dir='ltr'><strong>nullum</strong></span> <span class='ocrx_word' id='word_1_152' title='bbox 583 1715 641 1773; x_wconf 91' lang='lat' dir='ltr'><strong>nisi</strong></span> <span class='ocrx_word' id='word_1_153' title='bbox 664 1711 849 1773; x_wconf 89' lang='lat' dir='ltr'><strong>lenissimum</strong></span> <span class='ocrx_word' id='word_1_154' title='bbox 873 1712 1027 1792; x_wconf 80' lang='lat' dir='ltr'><strong>collyrium</strong></span> <span class='ocrx_word' id='word_1_155' title='bbox 1045 1731 1094 1791; x_wconf 93' lang='lat' dir='ltr'><strong>pa-</strong></span> 
     </span>
     <span class='ocr_line' id='line_1_19' title="bbox 80 1799 1095 1882; baseline 0 -21"><span class='ocrx_word' id='word_1_156' title='bbox 80 1803 214 1882; x_wconf 85' lang='lat' dir='ltr'><strong>tiuntnr,</strong></span> <span class='ocrx_word' id='word_1_157' title='bbox 241 1803 349 1880; x_wconf 91' lang='lat' dir='ltr'><strong>recipit</strong></span> <span class='ocrx_word' id='word_1_158' title='bbox 376 1807 474 1861; x_wconf 88' lang='lat' dir='ltr'><strong>autem</strong></span> <span class='ocrx_word' id='word_1_159' title='bbox 501 1801 588 1861; x_wconf 89' lang='lat' dir='ltr'><strong>haec:</strong></span> <span class='ocrx_word' id='word_1_160' title='bbox 621 1799 707 1860; x_wconf 85' lang='lat' dir='ltr'><strong>Croci</strong></span> <span class='ocrx_word' id='word_1_161' title='bbox 726 1799 752 1860; x_wconf 94' lang='lat' dir='ltr'><strong>X</strong></span> <span class='ocrx_word' id='word_1_162' title='bbox 770 1799 837 1881; x_wconf 92' lang='lat' dir='ltr'><strong>llll,</strong></span> <span class='ocrx_word' id='word_1_163' title='bbox 865 1800 996 1861; x_wconf 88' lang='lat' dir='ltr'><strong>cadmiae</strong></span> <span class='ocrx_word' id='word_1_164' title='bbox 1019 1800 1095 1862; x_wconf 87' lang='lat' dir='ltr'><strong>lotae</strong></span> 
     </span>
     <span class='ocr_line' id='line_1_20' title="bbox 81 1887 1097 1970; baseline 0.001 -21"><span class='ocrx_word' id='word_1_165' title='bbox 81 1889 107 1949; x_wconf 91' lang='lat' dir='ltr'><strong>X</strong></span> <span class='ocrx_word' id='word_1_166' title='bbox 126 1888 195 1968; x_wconf 96' lang='lat' dir='ltr'><strong>llll,</strong></span> <span class='ocrx_word' id='word_1_167' title='bbox 217 1889 287 1950; x_wconf 88' lang='lat' dir='ltr'><strong>stibi</strong></span> <span class='ocrx_word' id='word_1_168' title='bbox 306 1889 332 1949; x_wconf 98' lang='lat' dir='ltr'><strong>X</strong></span> <span class='ocrx_word' id='word_1_169' title='bbox 350 1888 417 1969; x_wconf 94' lang='lat' dir='ltr'><strong>llll,</strong></span> <span class='ocrx_word' id='word_1_170' title='bbox 437 1891 487 1967; x_wconf 94' lang='lat' dir='ltr'><strong>opi</strong></span> <span class='ocrx_word' id='word_1_171' title='bbox 506 1889 531 1949; x_wconf 89' lang='lat' dir='ltr'>X</span> <span class='ocrx_word' id='word_1_172' title='bbox 550 1888 589 1970; x_wconf 93' lang='lat' dir='ltr'><strong>ll,</strong></span> <span class='ocrx_word' id='word_1_173' title='bbox 608 1890 736 1967; x_wconf 82' lang='lat' dir='ltr'><strong>gummis</strong></span> <span class='ocrx_word' id='word_1_174' title='bbox 755 1887 781 1948; x_wconf 97' lang='lat' dir='ltr'><strong>X</strong></span> <span class='ocrx_word' id='word_1_175' title='bbox 799 1888 839 1970; x_wconf 94' lang='lat' dir='ltr'><strong>ll,</strong></span> <span class='ocrx_word' id='word_1_176' title='bbox 858 1887 949 1950; x_wconf 89' lang='lat' dir='ltr'><strong>amuli</strong></span> <span class='ocrx_word' id='word_1_177' title='bbox 967 1891 1097 1950; x_wconf 88' lang='lat' dir='ltr'><strong>recentis</strong></span> 
     </span>
     <span class='ocr_line' id='line_1_21' title="bbox 41 1977 1098 2057; baseline 0.006 -25"><span class='ocrx_word' id='word_1_178' title='bbox 41 1992 67 2032; x_wconf 80' lang='lat' dir='ltr'><strong>so</strong></span> <span class='ocrx_word' id='word_1_179' title='bbox 82 1985 113 2038; x_wconf 88' lang='lat' dir='ltr'><strong>et</strong></span> <span class='ocrx_word' id='word_1_180' title='bbox 141 1977 307 2038; x_wconf 89' lang='lat' dir='ltr'><strong>dulcissimi</strong></span> <span class='ocrx_word' id='word_1_181' title='bbox 330 1977 355 2038; x_wconf 94' lang='lat' dir='ltr'><strong>X</strong></span> <span class='ocrx_word' id='word_1_182' title='bbox 374 1977 437 2038; x_wconf 94' lang='lat' dir='ltr'><strong>llll.</strong></span> <span class='ocrx_word' id='word_1_183' title='bbox 473 1977 586 2038; x_wconf 87' lang='lat' dir='ltr'><strong>Eodem</strong></span> <span class='ocrx_word' id='word_1_184' title='bbox 610 1977 723 2056; x_wconf 88' lang='lat' dir='ltr'><strong>ordine,</strong></span> <span class='ocrx_word' id='word_1_185' title='bbox 748 1995 807 2056; x_wconf 90' lang='lat' dir='ltr'><strong>quo</strong></span> <span class='ocrx_word' id='word_1_186' title='bbox 830 1977 940 2055; x_wconf 86' lang='lat' dir='ltr'><strong>scripta</strong></span> <span class='ocrx_word' id='word_1_187' title='bbox 965 1980 1098 2057; x_wconf 73' lang='lat' dir='ltr'><strong>suntin</strong></span> 
     </span>
     <span class='ocr_line' id='line_1_22' title="bbox 81 2064 1097 2146; baseline 0 -20"><span class='ocrx_word' id='word_1_188' title='bbox 81 2068 226 2127; x_wconf 89' lang='lat' dir='ltr'><strong>mortario</strong></span> <span class='ocrx_word' id='word_1_189' title='bbox 259 2065 369 2127; x_wconf 88' lang='lat' dir='ltr'><strong>debent</strong></span> <span class='ocrx_word' id='word_1_190' title='bbox 401 2069 459 2127; x_wconf 88' lang='lat' dir='ltr'><strong>teri</strong></span> <span class='ocrx_word' id='word_1_191' title='bbox 490 2085 527 2126; x_wconf 83' lang='lat' dir='ltr'><strong>ex</strong></span> <span class='ocrx_word' id='word_1_192' title='bbox 549 2085 625 2145; x_wconf 90' lang='lat' dir='ltr'><strong>aqua</strong></span> <span class='ocrx_word' id='word_1_193' title='bbox 649 2064 777 2144; x_wconf 88' lang='lat' dir='ltr'><strong>pluviali.</strong></span> <span class='ocrx_word' id='word_1_194' title='bbox 823 2064 962 2126; x_wconf 82' lang='lat' dir='ltr'><strong>Amulum</strong></span> <span class='ocrx_word' id='word_1_195' title='bbox 990 2075 1097 2146; x_wconf 88' lang='lat' dir='ltr'><strong>autem,</strong></span> 
     </span>
     <span class='ocr_line' id='line_1_23' title="bbox 80 2154 1097 2236; baseline 0 -20"><span class='ocrx_word' id='word_1_196' title='bbox 80 2173 152 2216; x_wconf 88' lang='lat' dir='ltr'><strong>cum</strong></span> <span class='ocrx_word' id='word_1_197' title='bbox 183 2157 241 2215; x_wconf 87' lang='lat' dir='ltr'><strong>iam</strong></span> <span class='ocrx_word' id='word_1_198' title='bbox 269 2155 440 2234; x_wconf 86' lang='lat' dir='ltr'><strong>lingendum</strong></span> <span class='ocrx_word' id='word_1_199' title='bbox 469 2157 526 2215; x_wconf 89' lang='lat' dir='ltr'><strong>erit</strong></span> <span class='ocrx_word' id='word_1_200' title='bbox 549 2154 718 2236; x_wconf 79' lang='lat' dir='ltr'><strong>collyrium,</strong></span> <span class='ocrx_word' id='word_1_201' title='bbox 746 2154 899 2215; x_wconf 86' lang='lat' dir='ltr'><strong>adicietur.</strong></span> <span class='ocrx_word' id='word_1_202' title='bbox 945 2154 1097 2216; x_wconf 89' lang='lat' dir='ltr'><strong>loterdum</strong></span> 
     </span>
     <span class='ocr_line' id='line_1_24' title="bbox 80 2242 1095 2323; baseline 0.001 -19"><span class='ocrx_word' id='word_1_203' title='bbox 80 2251 182 2304; x_wconf 88' lang='lat' dir='ltr'><strong>autem</strong></span> <span class='ocrx_word' id='word_1_204' title='bbox 210 2251 239 2303; x_wconf 92' lang='lat' dir='ltr'><strong>et</strong></span> <span class='ocrx_word' id='word_1_205' title='bbox 261 2243 318 2304; x_wconf 91' lang='lat' dir='ltr'><strong>hoc</strong></span> <span class='ocrx_word' id='word_1_206' title='bbox 342 2246 636 2322; x_wconf 89' lang='lat' dir='ltr'><strong>superinunguantur</strong></span> <span class='ocrx_word' id='word_1_207' title='bbox 660 2245 712 2323; x_wconf 88' lang='lat' dir='ltr'><strong>qui</strong></span> <span class='ocrx_word' id='word_1_208' title='bbox 735 2245 820 2322; x_wconf 91' lang='lat' dir='ltr'><strong>prius</strong></span> <span class='ocrx_word' id='word_1_209' title='bbox 842 2242 1022 2322; x_wconf 79' lang='lat' dir='ltr'><strong>Athenippio</strong></span> <span class='ocrx_word' id='word_1_210' title='bbox 1045 2262 1095 2305; x_wconf 90' lang='lat' dir='ltr'><strong>cu·</strong></span> 
     </span>
     <span class='ocr_line' id='line_1_25' title="bbox 80 2331 1098 2413; baseline 0.002 -21"><span class='ocrx_word' id='word_1_211' title='bbox 80 2334 140 2393; x_wconf 89' lang='lat' dir='ltr'><strong>rati</strong></span> <span class='ocrx_word' id='word_1_212' title='bbox 173 2339 252 2392; x_wconf 91' lang='lat' dir='ltr'><strong>sunt.</strong></span> <span class='ocrx_word' id='word_1_213' title='bbox 298 2331 351 2392; x_wconf 84' lang='lat' dir='ltr'><strong>flis</strong></span> <span class='ocrx_word' id='word_1_214' title='bbox 379 2333 442 2392; x_wconf 83' lang='lat' dir='ltr'><strong>lere</strong></span> <span class='ocrx_word' id='word_1_215' title='bbox 471 2331 600 2412; x_wconf 91' lang='lat' dir='ltr'><strong>collyriis</strong></span> <span class='ocrx_word' id='word_1_216' title='bbox 627 2331 745 2393; x_wconf 89' lang='lat' dir='ltr'><strong>lenibus</strong></span> <span class='ocrx_word' id='word_1_217' title='bbox 777 2333 888 2413; x_wconf 89' lang='lat' dir='ltr'><strong>omnia,</strong></span> <span class='ocrx_word' id='word_1_218' title='bbox 921 2351 997 2412; x_wconf 87' lang='lat' dir='ltr'><strong>quae</strong></span> <span class='ocrx_word' id='word_1_219' title='bbox 1030 2351 1098 2394; x_wconf 92' lang='lat' dir='ltr'><strong>cum</strong></span> 
     </span>
     <span class='ocr_line' id='line_1_26' title="bbox 45 2419 1133 2501; baseline 0.006 -25"><span class='ocrx_word' id='word_1_220' title='bbox 45 2436 69 2476; x_wconf 80' lang='lat' dir='ltr'><strong>aa</strong></span> <span class='ocrx_word' id='word_1_221' title='bbox 83 2430 205 2482; x_wconf 88' lang='lat' dir='ltr'><strong>tumore</strong></span> <span class='ocrx_word' id='word_1_222' title='bbox 228 2428 258 2481; x_wconf 93' lang='lat' dir='ltr'><strong>et</strong></span> <span class='ocrx_word' id='word_1_223' title='bbox 281 2419 382 2481; x_wconf 90' lang='lat' dir='ltr'><strong>dolore</strong></span> <span class='ocrx_word' id='word_1_224' title='bbox 407 2421 482 2480; x_wconf 84' lang='lat' dir='ltr'><strong>dunt</strong></span> <span class='ocrx_word' id='word_1_225' title='bbox 504 2422 583 2482; x_wconf 88' lang='lat' dir='ltr'><strong>circa</strong></span> <span class='ocrx_word' id='word_1_226' title='bbox 607 2421 718 2501; x_wconf 88' lang='lat' dir='ltr'><strong>oculos,</strong></span> <span class='ocrx_word' id='word_1_227' title='bbox 742 2421 948 2482; x_wconf 88' lang='lat' dir='ltr'><strong>remediamus.</strong></span> <span class='ocrx_word' id='word_1_228' title='bbox 985 2421 1133 2483; x_wconf 77' lang='lat' dir='ltr'><strong>Peren-r</strong></span> 
     </span>
     <span class='ocr_line' id='line_1_27' title="bbox 81 2508 1098 2590; baseline 0 -20"><span class='ocrx_word' id='word_1_229' title='bbox 81 2512 200 2570; x_wconf 90' lang='lat' dir='ltr'><strong>ctiones</strong></span> <span class='ocrx_word' id='word_1_230' title='bbox 220 2508 373 2570; x_wconf 87' lang='lat' dir='ltr'><strong>oculorum</strong></span> <span class='ocrx_word' id='word_1_231' title='bbox 393 2509 578 2588; x_wconf 88' lang='lat' dir='ltr'><strong>lippientium</strong></span> <span class='ocrx_word' id='word_1_232' title='bbox 602 2511 663 2570; x_wconf 90' lang='lat' dir='ltr'><strong>sive</strong></span> <span class='ocrx_word' id='word_1_233' title='bbox 687 2511 884 2590; x_wconf 89' lang='lat' dir='ltr'><strong>inunctiones,</strong></span> <span class='ocrx_word' id='word_1_234' title='bbox 906 2528 981 2589; x_wconf 91' lang='lat' dir='ltr'><strong>quae</strong></span> <span class='ocrx_word' id='word_1_235' title='bbox 1001 2511 1098 2590; x_wconf 91' lang='lat' dir='ltr'><strong>appel·</strong></span> 
     </span>
     <span class='ocr_line' id='line_1_28' title="bbox 80 2597 1098 2678; baseline 0 -20"><span class='ocrx_word' id='word_1_236' title='bbox 80 2599 185 2659; x_wconf 85' lang='lat' dir='ltr'><strong>lentur</strong></span> <span class='ocrx_word' id='word_1_237' title='bbox 218 2597 388 2678; x_wconf 90' lang='lat' dir='ltr'><strong>galacticae,</strong></span> <span class='ocrx_word' id='word_1_238' title='bbox 420 2598 590 2658; x_wconf 87' lang='lat' dir='ltr'><strong>huiusmodi</strong></span> <span class='ocrx_word' id='word_1_239' title='bbox 624 2608 707 2660; x_wconf 86' lang='lat' dir='ltr'><strong>sunt:</strong></span> <span class='ocrx_word' id='word_1_240' title='bbox 740 2597 989 2677; x_wconf 71' lang='lat' dir='ltr'><strong>crocomagmatis</strong></span> <span class='ocrx_word' id='word_1_241' title='bbox 1021 2597 1046 2658; x_wconf 91' lang='lat' dir='ltr'><strong>X</strong></span> <span class='ocrx_word' id='word_1_242' title='bbox 1077 2597 1098 2678; x_wconf 92' lang='lat' dir='ltr'><strong>l,</strong></span> 
     </span>
     <span class='ocr_line' id='line_1_29' title="bbox 81 2685 1099 2768; baseline 0.001 -22"><span class='ocrx_word' id='word_1_243' title='bbox 81 2705 203 2766; x_wconf 89' lang='lat' dir='ltr'><strong>myrrae</strong></span> <span class='ocrx_word' id='word_1_244' title='bbox 230 2693 261 2746; x_wconf 89' lang='lat' dir='ltr'><strong>et</strong></span> <span class='ocrx_word' id='word_1_245' title='bbox 288 2688 370 2746; x_wconf 89' lang='lat' dir='ltr'><strong>croci</strong></span> <span class='ocrx_word' id='word_1_246' title='bbox 393 2685 417 2746; x_wconf 89' lang='lat' dir='ltr'><strong>X</strong></span> <span class='ocrx_word' id='word_1_247' title='bbox 441 2685 505 2767; x_wconf 90' lang='lat' dir='ltr'><strong>Vll,</strong></span> <span class='ocrx_word' id='word_1_248' title='bbox 533 2686 670 2747; x_wconf 89' lang='lat' dir='ltr'><strong>aluminis</strong></span> <span class='ocrx_word' id='word_1_249' title='bbox 697 2687 761 2747; x_wconf 89' lang='lat' dir='ltr'><strong>lissi</strong></span> <span class='ocrx_word' id='word_1_250' title='bbox 784 2685 810 2746; x_wconf 92' lang='lat' dir='ltr'><strong>X</strong></span> <span class='ocrx_word' id='word_1_251' title='bbox 828 2687 879 2768; x_wconf 96' lang='lat' dir='ltr'><strong>Vl,</strong></span> <span class='ocrx_word' id='word_1_252' title='bbox 907 2689 983 2747; x_wconf 90' lang='lat' dir='ltr'><strong>turis</strong></span> <span class='ocrx_word' id='word_1_253' title='bbox 1008 2685 1034 2745; x_wconf 88' lang='lat' dir='ltr'><strong>X</strong></span> <span class='ocrx_word' id='word_1_254' title='bbox 1053 2686 1099 2767; x_wconf 92' lang='lat' dir='ltr'><strong>Vl,</strong></span> 
     </span>
     <span class='ocr_line' id='line_1_30' title="bbox 81 2773 1098 2855; baseline 0 -19"><span class='ocrx_word' id='word_1_255' title='bbox 81 2777 214 2855; x_wconf 83' lang='lat' dir='ltr'><strong>gummis</strong></span> <span class='ocrx_word' id='word_1_256' title='bbox 233 2773 259 2834; x_wconf 91' lang='lat' dir='ltr'><strong>X</strong></span> <span class='ocrx_word' id='word_1_257' title='bbox 273 2773 323 2853; x_wconf 92' lang='lat' dir='ltr'><strong>Vl,</strong></span> <span class='ocrx_word' id='word_1_258' title='bbox 342 2793 426 2836; x_wconf 89' lang='lat' dir='ltr'><strong>rosae</strong></span> <span class='ocrx_word' id='word_1_259' title='bbox 445 2774 527 2835; x_wconf 86' lang='lat' dir='ltr'><strong>lloris</strong></span> <span class='ocrx_word' id='word_1_260' title='bbox 547 2774 572 2834; x_wconf 90' lang='lat' dir='ltr'><strong>X</strong></span> <span class='ocrx_word' id='word_1_261' title='bbox 587 2775 631 2835; x_wconf 91' lang='lat' dir='ltr'><strong>Vl.</strong></span> <span class='ocrx_word' id='word_1_262' title='bbox 668 2774 742 2836; x_wconf 88' lang='lat' dir='ltr'><strong>Vino</strong></span> <span class='ocrx_word' id='word_1_263' title='bbox 762 2774 834 2836; x_wconf 85' lang='lat' dir='ltr'><strong>Chio</strong></span> <span class='ocrx_word' id='word_1_264' title='bbox 854 2793 913 2836; x_wconf 90' lang='lat' dir='ltr'><strong>non</strong></span> <span class='ocrx_word' id='word_1_265' title='bbox 933 2775 1010 2836; x_wconf 91' lang='lat' dir='ltr'><strong>salso</strong></span> <span class='ocrx_word' id='word_1_266' title='bbox 1030 2794 1098 2836; x_wconf 91' lang='lat' dir='ltr'><strong>con-</strong></span> 
     </span>
     <span class='ocr_line' id='line_1_31' title="bbox 42 2862 1099 2944; baseline 0.006 -26"><span class='ocrx_word' id='word_1_267' title='bbox 42 2878 67 2918; x_wconf 87' lang='lat' dir='ltr'><strong>eo</strong></span> <span class='ocrx_word' id='word_1_268' title='bbox 81 2882 189 2944; x_wconf 87' lang='lat' dir='ltr'><strong>spersa</strong></span> <span class='ocrx_word' id='word_1_269' title='bbox 213 2870 353 2924; x_wconf 90' lang='lat' dir='ltr'><strong>teruntur</strong></span> <span class='ocrx_word' id='word_1_270' title='bbox 375 2862 447 2924; x_wconf 90' lang='lat' dir='ltr'><strong>haec</strong></span> <span class='ocrx_word' id='word_1_271' title='bbox 471 2865 567 2924; x_wconf 89' lang='lat' dir='ltr'><strong>omnia</strong></span> <span class='ocrx_word' id='word_1_272' title='bbox 591 2864 761 2944; x_wconf 87' lang='lat' dir='ltr'><strong>diligenter,</strong></span> <span class='ocrx_word' id='word_1_273' title='bbox 786 2864 892 2924; x_wconf 89' lang='lat' dir='ltr'><strong>deiude</strong></span> <span class='ocrx_word' id='word_1_274' title='bbox 916 2864 1049 2924; x_wconf 88' lang='lat' dir='ltr'><strong>conlecta</strong></span> <span class='ocrx_word' id='word_1_275' title='bbox 1069 2866 1099 2924; x_wconf 90' lang='lat' dir='ltr'><strong>in</strong></span> 
     </span>
     <span class='ocr_line' id='line_1_32' title="bbox 81 2951 1135 3032; baseline -0.001 -19"><span class='ocrx_word' id='word_1_276' title='bbox 81 2951 217 3032; x_wconf 76' lang='lat' dir='ltr'><strong>collyriis</strong></span> <span class='ocrx_word' id='word_1_277' title='bbox 247 2959 298 3012; x_wconf 89' lang='lat' dir='ltr'><strong>aut</strong></span> <span class='ocrx_word' id='word_1_278' title='bbox 324 2951 423 3030; x_wconf 90' lang='lat' dir='ltr'><strong>pilulis</strong></span> <span class='ocrx_word' id='word_1_279' title='bbox 452 2962 647 3032; x_wconf 88' lang='lat' dir='ltr'><strong>reponuntur.</strong></span> <span class='ocrx_word' id='word_1_280' title='bbox 693 2952 853 3013; x_wconf 89' lang='lat' dir='ltr'><strong>Perunctio</strong></span> <span class='ocrx_word' id='word_1_281' title='bbox 881 2952 1035 3013; x_wconf 86' lang='lat' dir='ltr'><strong>oculorum</strong></span> <span class='ocrx_word' id='word_1_282' title='bbox 1063 2953 1135 3013; x_wconf 88' lang='lat' dir='ltr'><strong>ad8</strong></span> 
     </span>
     <span class='ocr_line' id='line_1_33' title="bbox 81 3039 1100 3122; baseline -0.001 -21"><span class='ocrx_word' id='word_1_283' title='bbox 81 3058 205 3101; x_wconf 90' lang='lat' dir='ltr'><strong>omnem</strong></span> <span class='ocrx_word' id='word_1_284' title='bbox 229 3039 401 3118; x_wconf 83' lang='lat' dir='ltr'><strong>epiphoram</strong></span> <span class='ocrx_word' id='word_1_285' title='bbox 424 3043 495 3102; x_wconf 86' lang='lat' dir='ltr'><strong>satis</strong></span> <span class='ocrx_word' id='word_1_286' title='bbox 519 3041 614 3102; x_wconf 90' lang='lat' dir='ltr'><strong>utilis:</strong></span> <span class='ocrx_word' id='word_1_287' title='bbox 644 3039 731 3101; x_wconf 89' lang='lat' dir='ltr'><strong>Croci</strong></span> <span class='ocrx_word' id='word_1_288' title='bbox 758 3073 794 3084; x_wconf 93' lang='lat'>-</span> <span class='ocrx_word' id='word_1_289' title='bbox 820 3041 846 3120; x_wconf 95' lang='lat' dir='ltr'><strong>l,</strong></span> <span class='ocrx_word' id='word_1_290' title='bbox 869 3059 988 3101; x_wconf 90' lang='lat' dir='ltr'><strong>murrae</strong></span> <span class='ocrx_word' id='word_1_291' title='bbox 1013 3073 1054 3084; x_wconf 87' lang='lat'>-</span> <span class='ocrx_word' id='word_1_292' title='bbox 1078 3040 1100 3122; x_wconf 95' lang='lat' dir='ltr'><strong>l,</strong></span> 
     </span>
     <span class='ocr_line' id='line_1_34' title="bbox 81 3128 1100 3212; baseline -0.001 -22"><span class='ocrx_word' id='word_1_293' title='bbox 81 3131 332 3206; x_wconf 86' lang='lat' dir='ltr'><strong>crocomagmatis</strong></span> <span class='ocrx_word' id='word_1_294' title='bbox 353 3161 391 3174; x_wconf 88' lang='lat'><em>-</em></span> <span class='ocrx_word' id='word_1_295' title='bbox 412 3128 437 3212; x_wconf 93' lang='lat' dir='ltr'><strong>l,</strong></span> <span class='ocrx_word' id='word_1_296' title='bbox 461 3131 538 3190; x_wconf 90' lang='lat' dir='ltr'><strong>aeris</strong></span> <span class='ocrx_word' id='word_1_297' title='bbox 562 3129 644 3189; x_wconf 88' lang='lat' dir='ltr'><strong>lloris</strong></span> <span class='ocrx_word' id='word_1_298' title='bbox 666 3161 703 3174; x_wconf 84' lang='lat'>-</span> <span class='ocrx_word' id='word_1_299' title='bbox 725 3128 750 3209; x_wconf 95' lang='lat' dir='ltr'><strong>l,</strong></span> <span class='ocrx_word' id='word_1_300' title='bbox 773 3129 911 3189; x_wconf 89' lang='lat' dir='ltr'><strong>aluminis</strong></span> <span class='ocrx_word' id='word_1_301' title='bbox 934 3129 996 3189; x_wconf 85' lang='lat' dir='ltr'><strong>fissi</strong></span> <span class='ocrx_word' id='word_1_302' title='bbox 1019 3161 1058 3172; x_wconf 93' lang='grc'>-</span> <span class='ocrx_word' id='word_1_303' title='bbox 1078 3129 1100 3208; x_wconf 91' lang='lat' dir='ltr'><strong>l,</strong></span> 
     </span>
     <span class='ocr_line' id='line_1_35' title="bbox 82 3214 1100 3297; baseline -0.002 -19"><span class='ocrx_word' id='word_1_304' title='bbox 82 3219 165 3278; x_wconf 91' lang='lat' dir='ltr'><strong>turis</strong></span> <span class='ocrx_word' id='word_1_305' title='bbox 186 3214 215 3276; x_wconf 67' lang='lat' dir='ltr'><strong>i.</strong></span> <span class='ocrx_word' id='word_1_306' title='bbox 260 3215 304 3276; x_wconf 84' lang='lat' dir='ltr'><strong>Ex</strong></span> <span class='ocrx_word' id='word_1_307' title='bbox 327 3219 394 3278; x_wconf 90' lang='lat' dir='ltr'><strong>vino</strong></span> <span class='ocrx_word' id='word_1_308' title='bbox 414 3225 552 3278; x_wconf 87' lang='lat' dir='ltr'><strong>teruntur</strong></span> <span class='ocrx_word' id='word_1_309' title='bbox 575 3217 648 3278; x_wconf 86' lang='lat' dir='ltr'><strong>haec</strong></span> <span class='ocrx_word' id='word_1_310' title='bbox 668 3219 786 3297; x_wconf 88' lang='lat' dir='ltr'><strong>optime.</strong></span> <span class='ocrx_word' id='word_1_311' title='bbox 825 3216 878 3277; x_wconf 83' lang='lat' dir='ltr'><strong>His</strong></span> <span class='ocrx_word' id='word_1_312' title='bbox 898 3217 1022 3278; x_wconf 81' lang='lat' dir='ltr'><strong>Cosmus</strong></span> <span class='ocrx_word' id='word_1_313' title='bbox 1041 3235 1100 3276; x_wconf 90' lang='lat' dir='ltr'><strong>me·</strong></span> 
     </span>
    </p>
   </div>
   <div class='ocr_carea' id='block_1_3' title="bbox 86 3417 1102 3562">
    <p class='ocr_par' dir='ltr' id='par_1_3' title="bbox 86 3417 1102 3562">
     <span class='ocr_line' id='line_1_36' title="bbox 160 3417 1102 3490; baseline -0.005 -14"><span class='ocrx_word' id='word_1_314' title='bbox 160 3428 175 3476; x_wconf 81' lang='grc'>3</span> <span class='ocrx_word' id='word_1_315' title='bbox 195 3421 349 3490; x_wconf 86' lang='lat' dir='ltr'><strong>botryidos.</strong></span> <span class='ocrx_word' id='word_1_316' title='bbox 436 3428 532 3490; x_wconf 63' lang='grc' dir='ltr'><strong>ὅραι</strong></span> <span class='ocrx_word' id='word_1_317' title='bbox 549 3425 644 3476; x_wconf 80' lang='lat' dir='ltr'><strong>astera</strong></span> <span class='ocrx_word' id='word_1_318' title='bbox 662 3423 727 3478; x_wconf 80' lang='lat' dir='ltr'><strong>add.</strong></span> <span class='ocrx_word' id='word_1_319' title='bbox 746 3419 856 3476; x_wconf 83' lang='lat' dir='ltr'><strong>samias.</strong></span> <span class='ocrx_word' id='word_1_320' title='bbox 944 3424 976 3472; x_wconf 77' lang='lat'><strong>12</strong></span> <span class='ocrx_word' id='word_1_321' title='bbox 996 3417 1037 3488; x_wconf 88' lang='lat' dir='ltr'><strong>et]</strong></span> <span class='ocrx_word' id='word_1_322' title='bbox 1058 3418 1102 3473; x_wconf 82' lang='lat' dir='ltr'><strong>sii.</strong></span> 
     </span>
     <span class='ocr_line' id='line_1_37' title="bbox 86 3489 870 3562; baseline -0.005 -16"><span class='ocrx_word' id='word_1_323' title='bbox 86 3497 122 3546; x_wconf 80' lang='lat'><strong>15</strong></span> <span class='ocrx_word' id='word_1_324' title='bbox 142 3491 328 3562; x_wconf 76' lang='lat' dir='ltr'><strong>promptosin.</strong></span> <span class='ocrx_word' id='word_1_325' title='bbox 402 3498 435 3547; x_wconf 81' lang='lat'><strong>23</strong></span> <span class='ocrx_word' id='word_1_326' title='bbox 454 3491 595 3561; x_wconf 89' lang='lat' dir='ltr'><strong>henippio.</strong></span> <span class='ocrx_word' id='word_1_327' title='bbox 670 3497 703 3546; x_wconf 80' lang='lat' dir='ltr'><strong>er</strong></span> <span class='ocrx_word' id='word_1_328' title='bbox 723 3489 870 3560; x_wconf 77' lang='lat' dir='ltr'><strong>galaticae.</strong></span> 
     </span>
    </p>
   </div>
   <div class='ocr_carea' id='block_1_4' title="bbox 0 0 1322 3790">
    <p class='ocr_par' dir='ltr' id='par_1_4' title="bbox 0 0 1322 3790">
     <span class='ocr_line' id='line_1_38' title="bbox 0 0 1322 3790; baseline 0 0"><span class='ocrx_word' id='word_1_329' title='bbox 0 0 1322 3790; x_wconf 95' lang='lat' dir='ltr'><strong> </strong></span> 
     </span>
    </p>
   </div>
  </div>
 </body>
</html>
