2540 3802
455 113 603 182 -'187
656 155 691 163 -

493 295 572 356 CbP.
596 295 656 357 XX.

63 409 120 465 Ad
149 407 262 464 omnia
289 407 456 462 stomachi
482 408 564 463 vitia
592 411 627 463 et
653 409 699 464 ad
722 423 840 465 omnes
863 411 937 466 eius
960 425 1081 469 censes

64 500 100 552 et
119 495 256 552 dolores
273 499 308 551 et
326 497 372 551 ed
390 510 527 552 omnem
546 497 750 554 cruditatem
764 501 868 567 etque
883 499 1081 568 indigeriem

63 585 304 655 depellendam
323 587 359 640 et
376 586 422 640 ad
440 599 576 641 omnem
592 586 764 642 viseerum
777 590 881 657 atque
895 589 1082 658 aqualiculi

9 705 10 744 r
62 673 357 730 confirmationem
375 673 537 742 antidoto,
556 675 787 744 epithemetie,
810 677 977 745 potiones,
999 691 1080 746 oxy-
1107 677 1124 758 s

9 769 10 784 ¹
61 763 178 832 poi-ie,
210 762 389 818 unctiones
421 762 555 831 aliaque
592 763 759 820 nonnulla
794 765 1009 821 rationabilis
1045 769 1080 821 et

121 851 263 921 physice
285 851 435 907 remedie
458 851 591 907 diverse
613 852 857 921 experimentis
879 855 1022 922 probate

416 953 554 1010 usuque
578 941 732 998 collecte.

153 1076 320 1157 Principale
350 1085 439 1157 atque
470 1079 593 1138 unicum
620 1077 785 1138 remedium
813 1078 849 1138 ad
878 1079 1022 1140 stomachi
1049 1090 1113 1143 eti

63 1167 166 1228 lateris
185 1165 318 1228 dolorem
338 1165 453 1245 aliaque
472 1165 613 1226 nonnulla
631 1168 742 1228 interni
761 1169 895 1246 corporis
917 1167 1002 1249 mala,
1025 1186 1079 1230 seu

63 1274 132 1318 cum
161 1254 244 1316 febre
275 1257 337 1316 sive
361 1257 425 1315 sine
449 1254 531 1315 febre
555 1255 675 1316 luerint.
721 1254 775 1316 Est
799 1258 877 1316 enim
903 1259 1078 1337 compositio

9 1395 10 1400 ,
62 1345 198 1425 mirifica,
217 1343 318 1405 multis
333 1345 453 1404 omuino
471 1347 637 1405 necessaria
657 1344 733 1405 infra
754 1347 874 1424 scriptis
892 1348 999 1427 causis,
1019 1365 1078 1408 non

34 1435 199 1512 signorata
225 1433 345 1512 quidem
374 1431 592 1511 antiquioribus
619 1433 743 1494 medicis
771 1442 894 1514 propter
919 1436 1079 1498 effectuum

49 1521 252 1602 probitatem,
271 1521 323 1582 sed
342 1524 503 1600 praecipue
521 1539 537 1581 a
551 1521 657 1582 Paccio
672 1522 817 1582 Antiocho
832 1523 967 1583 auditore
981 1522 1077 1584 Philo·

62 1611 143 1671 nidis
167 1609 344 1672 Catiniensis
367 1629 425 1671 usu
448 1609 618 1690 inlustrata;
647 1611 718 1671 iecit
746 1612 825 1670 enim
849 1629 970 1689 magnos
990 1629 1078 1690 quae-

63 1709 128 1761 stus
152 1718 188 1760 ex
212 1718 245 1760 ea
268 1707 393 1779 propter
416 1698 539 1760 crebros
561 1717 719 1760 successus
738 1700 769 1758 in
788 1700 868 1758 vitiis
887 1698 1077 1780 difficillimis,

62 1788 115 1849 sed
138 1807 175 1849 ne
199 1788 248 1849 bic
272 1789 392 1868 quidem
415 1805 555 1866 umquam
575 1787 628 1847 ulli
646 1789 729 1846 vivus
748 1789 813 1846 vivo
833 1789 1077 1865 compositionem

22 1895 48 1934 10
62 1880 149 1938 istam
173 1877 312 1938 ostendit.
348 1877 421 1938 Post
444 1885 570 1937 mortem
589 1875 710 1936 Tiberio
730 1875 849 1936 Caesari
871 1893 926 1954 per
945 1875 1077 1938 libellum

63 1969 208 2046 scriptum
232 1965 299 2028 data
323 1973 422 2026 estet
444 1982 499 2044 per
523 1983 591 2026 eum
615 1967 646 2025 in
670 1963 858 2025 bibliothecis
879 1963 1007 2042 publicis
1026 1984 1077 2044 po-

62 2057 118 2116 sita
142 2056 277 2115 venitin
300 2072 406 2115 manus
430 2061 561 2135 nostrae,
589 2071 677 2132 quam
706 2062 773 2114 ante
802 2052 883 2114 nullo
912 2053 1000 2114 modo
1029 2071 1077 2114 ex-

63 2144 181 2205 trahere
204 2145 367 2224 potuimus,
391 2144 524 2222 quamvis
548 2145 647 2202 omnia
670 2142 839 2223 fecerimus,
864 2150 898 2202 ut
922 2144 1077 2222 sciremus

63 2252 138 2312 quae
167 2240 254 2293 esset.
301 2232 367 2310 lpse
391 2234 470 2292 enim
494 2230 613 2292 clausus
637 2229 832 2310 componebat
856 2249 921 2290 eam
944 2249 1000 2292 nec
1025 2230 1078 2292 ulli

22 2336 49 2377 15
65 2340 189 2382 suorum
212 2320 416 2382 committebat
439 2319 584 2399 pluraque
608 2338 697 2399 quam
719 2321 826 2398 recipit
844 2321 994 2398 pigmenta
1014 2322 1077 2381 emi

63 2419 94 2470 et
117 2409 261 2471 contundi
283 2408 404 2470 iubebat
427 2408 546 2470 fallendi
570 2427 640 2469 suos
665 2426 754 2470 causa
781 2416 811 2469 et
837 2409 957 2468 sanein
977 2408 1075 2470 libello

63 2501 127 2578 ipse
155 2499 265 2560 latetur
293 2517 353 2560 non
381 2517 396 2558 a
421 2516 452 2558 se
476 2499 639 2578 inventam,
668 2497 721 2557 sed
746 2515 802 2557 usu
825 2499 973 2558 exactiore
998 2515 1076 2558 ccm-

62 2586 225 2668 probatam,
249 2587 285 2648 ad
309 2606 385 2667 quae
408 2589 479 2647 vitia
502 2595 532 2647 et
555 2605 624 2646 cum
647 2584 756 2664 quibus
780 2595 810 2646 et
829 2586 1077 2664 quemadmodum

64 2676 129 2737 data
157 2677 326 2755 proficeret.
367 2675 421 2736 Est
449 2677 528 2736 enim
551 2693 612 2735 non
634 2676 748 2754 ignota,
771 2674 954 2752 ponderibus
977 2683 1076 2736 tamen

21 2780 49 2820 so
65 2767 194 2844 antiquis
222 2773 273 2824 aut
301 2765 408 2825 adiecit
431 2772 483 2824 aut
505 2763 633 2824 detraxit
656 2762 767 2842 aliquid
799 2770 828 2822 et
851 2781 914 2844 res,
942 2782 1017 2842 quae
1045 2767 1076 2824 in

63 2854 118 2914 hac
142 2855 356 2932 compositione
380 2861 458 2932 sunt,
482 2870 542 2912 non
565 2854 669 2931 utiquc
693 2854 876 2913 conveniunt
893 2852 929 2912 ad
949 2854 1076 2932 antiqui·

64 2950 163 3003 tatem.
198 2941 351 3003 Interdum
375 2943 454 3001 enim
478 2959 580 3000 earum
605 2939 748 3019 quaedam
768 2947 798 3000 et
817 2958 877 3000 non
896 2947 956 3001 tam
976 2941 1076 3022 multa,

64 3030 208 3110 quaedam
226 3032 325 3091 minus
344 3039 375 3090 et
392 3029 524 3109 pondere
544 3037 574 3090 et
592 3047 717 3090 numero
739 3030 907 3108 specierum
926 3031 1077 3108 accipiunt

155 3207 188 3255 14
205 3201 258 3256 ulli
276 3217 290 3255 e
308 3200 447 3256 Scribon:
465 3197 531 3254 ullis
551 3199 711 3268 Carnarius.
782 3205 816 3254 15
830 3199 886 3255 emi
900 3199 940 3270 et]
956 3198 1077 3268 ipsemet

65 3273 188 3330 Scribere.
278 3276 312 3326 22
332 3271 476 3326 Interdum
495 3271 583 3342 enim]
606 3270 699 3326 Locus
722 3275 869 3338 corruptus
891 3285 946 3325 esse
968 3270 1077 3325 videtur

64 3360 148 3414 mque
173 3361 191 3398 a
214 3342 374 3412 Scribonio,
396 3344 476 3398 cuias
497 3343 580 3397 verba
606 3344 638 3410 (c.
658 3343 703 3410 97)
722 3341 863 3395 interdum
887 3341 961 3395 enim
980 3355 1076 3394 cerum

12 3431 13 3466 l
64 3415 202 3484 quaedam
225 3415 320 3484 plures
346 3414 433 3470 etiam
456 3428 572 3468 numero
596 3411 738 3482 accipiunt
761 3414 846 3479 atque
870 3411 1076 3468 licostenes

63 3487 151 3558 maqis
169 3488 276 3556 iateqra
294 3493 369 3554 cunt,
386 3487 523 3543 medicine
537 3486 597 3556 peti
611 3489 708 3554 potest.
