2636 3790
540 143 759 206 ...67-

138 304 251 366 lavabis
285 313 313 365 et
347 323 502 384 expressas
535 303 643 365 sabano
677 304 816 386 siccabis,
849 306 955 367 deinde
988 307 1096 368 tundes
1126 309 1157 368 lu

138 397 245 475 pisone
274 411 440 454 marmoreo
469 402 499 453 et
525 411 629 454 sucum
657 393 726 454 iude
750 394 841 454 linteo
865 397 976 455 intorto
1001 398 1158 478 exprimes

139 493 204 544 tum
229 482 334 543 leviter
357 481 393 542 ad
415 481 559 541 carbones
581 481 788 561 despumatum
809 483 968 561 tepefacies
987 493 1017 544 et
1036 484 1158 546 naribus

138 571 294 650 infundes,
322 572 361 630 ita
385 579 419 630 ut
442 572 467 630 is
491 572 540 630 oui
564 570 730 631 medeberis
759 589 865 649 aquam
895 572 1022 650 tepidam
1051 575 1080 632 in
1105 592 1156 634 ore

110 662 306 739 oooutineat,
339 667 368 718 et
401 661 427 718 si
459 677 536 719 unus
570 659 675 719 oculus
706 659 865 742 laborabit,
898 660 1031 721 diversae
1064 663 1156 739 partis

137 767 228 810 nares
247 747 388 808 infundes
407 755 437 807 et
455 747 541 808 melle
561 748 658 808 Attico
677 750 840 828 continges.
878 749 910 809 Si
929 757 1027 810 tomen
1047 749 1156 810 videris

136 837 244 898 oculos
268 838 333 897 suci
351 835 430 896 illius
450 835 598 896 infusione
617 836 762 918 turbatos,
785 836 904 916 herbae,
929 856 1017 918 quam
1037 837 1156 917 quidam

136 925 320 986 cerebellum
340 927 420 986 cauis
440 925 596 1004 appellant,
614 925 698 984 radix
715 944 751 986 ex
770 944 845 1004 aqua
864 925 1043 1006 decoquitur
1061 943 1156 1005 eoque

137 1031 243 1076 umore
272 1012 351 1074 oculi
374 1013 516 1075 adversus
540 1013 698 1093 epiphoras
721 1013 836 1075 utiliter
858 1015 1003 1076 foventur.
1050 1014 1156 1076 Farina
1175 1030 1209 1078 33

96 1121 121 1159 ιο
135 1102 291 1164 hordiacia
318 1109 349 1162 et
375 1101 449 1181 galla
473 1110 596 1162 contusa
620 1121 688 1163 cum
712 1121 787 1184 aqua
810 1105 955 1183 permixta
981 1111 1011 1165 et
1034 1103 1156 1165 collecta

136 1190 235 1253 333113
268 1209 335 1251 cum
369 1199 471 1271 tepore
504 1193 632 1270 inposita
662 1200 795 1252 tumores
823 1192 1000 1273 doloresque
1029 1191 1156 1254 sedabis.

136 1279 335 1341 Coriaudrum
367 1279 460 1340 viride
488 1281 592 1340 tritum
621 1279 748 1361 laetique
777 1281 911 1342 mulieris
938 1283 1096 1343 inmixtum
1124 1290 1208 1344 3134

135 1367 325 1430 tumentibus
349 1368 394 1428 vel
415 1367 585 1429 dolentibus
604 1369 699 1430 oculis
718 1370 885 1449 adpositum
905 1373 1004 1432 statim
1023 1371 1155 1453 prodest,

136 1458 218 1518 idem
243 1465 272 1517 et
295 1458 394 1535 apium
417 1465 549 1535 praestat
572 1457 708 1519 similiter
730 1460 900 1538 inpositum.
947 1459 1007 1521 llos
1026 1460 1153 1521 caeleste
1173 1473 1207 1522 33

95 1564 228 1607 romanu
254 1545 363 1605 munda
391 1544 547 1606 collectum
577 1553 607 1606 et
635 1555 719 1607 rutae
743 1547 892 1609 silvaticae
916 1558 1057 1609 contusae
1082 1567 1154 1609 suco

135 1636 303 1696 admixtum
321 1635 352 1693 in
371 1632 507 1712 plumbea
526 1634 633 1714 pyxide
653 1635 849 1716 reconditum,
868 1655 936 1698 cum
960 1654 1035 1715 opus
1055 1637 1154 1717 fuerit,

135 1725 296 1785 adversum
319 1721 476 1801 epiphoras
500 1723 655 1784 oculorum
675 1723 765 1784 fronti
784 1731 814 1784 et
833 1723 1001 1804 superciliis
1020 1725 1154 1803 inpones.

134 1812 221 1892 Vino,
241 1814 272 1872 in
292 1829 349 1890 quo
369 1809 470 1872 laurus
490 1811 580 1872 fuerit
598 1811 749 1892 decoctus,
768 1811 847 1872 oculi
866 1813 919 1872 foti
933 1811 1035 1872 doloro
1049 1821 1153 1891 poten·
1173 1827 1206 1877 33

135 1903 252 1962 tissime
271 1897 456 1960 levabuutur.
494 1899 585 1980 Spina
603 1899 668 1960 alba
687 1898 832 1960 conbusta
852 1907 881 1960 et
900 1899 977 1961 bone
995 1902 1064 1961 trita
1084 1920 1152 1962 oum
1172 1915 1206 1964 33

95 2006 120 2046 so
135 2009 192 2051 ovo
221 1987 395 2069 superinlito
423 1987 469 2048 vel
496 1991 617 2050 inuncta
644 1988 727 2050 sedat
755 1989 879 2049 mirifice
908 1987 1026 2050 dolores
1054 1989 1153 2050 oculo·

134 2097 213 2141 rum.
252 2077 349 2138 Gallae
373 2080 517 2138 contritae
539 2080 673 2157 turisque
692 2077 862 2157 parimodo
881 2076 979 2156 pulvis
998 2079 1066 2138 rino
1085 2096 1151 2158 per·
1171 2093 1205 2142 38

133 2171 248 2229 mixtus
282 2175 312 2227 et
344 2166 435 2226 fronti
462 2165 566 2226 inlitus
593 2175 741 2227 tumorem
770 2165 924 2227 oculorum
957 2165 1149 2246 doloremque

134 2257 228 2318 sedat.
275 2253 387 2316 Crebro
415 2255 603 2315 lacrimantes
631 2255 733 2316 oculos
761 2263 795 2316 ut
822 2257 967 2337 exsicceS,
995 2255 1148 2317 lucernam
1171 2271 1205 2320 39

133 2346 201 2406 3133
230 2344 352 2405 cedrino
380 2342 524 2423 repletam
552 2362 766 2424 accensamque
790 2347 979 2424 superposito
1002 2345 1049 2406 vel
1071 2347 1153 2407 iuxta

93 2451 120 2492 33
134 2451 283 2513 suspenso
308 2450 400 2493 aeneo
423 2431 543 2493 vasculo
566 2435 705 2512 permitte
729 2435 878 2515 consumi,
905 2433 974 2494 inde
999 2433 1152 2514 fuliginem

133 2523 290 2584 collectam
318 2524 348 2582 in
377 2520 483 2601 pyxide
512 2524 632 2600 cyprina
660 2522 789 2582 reconde
817 2528 939 2583 etcum
962 2541 1038 2602 opus
1061 2524 1153 2584 fuerit

131 2615 255 2693 inunge,
274 2609 430 2672 miraberis
448 2609 610 2670 efficaciam
629 2609 845 2672 medicamenti.
880 2610 1027 2690 Caprinus
1046 2629 1151 2673 caseus
1169 2625 1204 2674 40

132 2719 242 2763 recens
270 2698 442 2779 eoagulatus
466 2716 556 2777 supra
580 2698 682 2760 333133
705 2701 821 2778 positus
845 2698 962 2760 dolores
985 2701 1045 2761 oito
1068 2700 1148 2760 lenit.

131 2790 269 2852 Rumicis
288 2787 414 2849 silvatici
429 2787 559 2848 radicem
578 2787 648 2848 luna
667 2787 859 2849 decrescente
879 2787 982 2867 collige
1002 2796 1032 2849 et
1051 2795 1150 2850 tecum
1169 2803 1202 2850 41

93 2895 118 2934 oo
132 2878 243 2940 habeto
267 2876 459 2938 nitidissime:
483 2876 623 2956 quamdiu
643 2895 707 2937 eam
725 2886 825 2938 tecum
843 2876 993 2957 habueris,
1017 2895 1076 2937 uon
1096 2877 1148 2957 lip-

132 2971 208 3048 3133.
236 2966 424 3028 Democritus
439 2965 581 3047 adfirmat,
602 2965 669 3026 felle
681 2965 810 3046 hyaenae
825 2968 851 3026 si
865 2965 946 3026 frons
961 2966 1150 3048 perfricetur,
1168 2979 1202 3028 42

132 3055 294 3136 epiphoras
308 3056 485 3132 incipientes
500 3063 530 3115 et
544 3073 661 3116 omnem
677 3053 831 3115 oculorum
846 3054 977 3115 dolorem
998 3073 1085 3135 posse
1105 3073 1148 3115 se·

132 3146 207 3206 dari.
246 3144 277 3205 Si
300 3143 435 3204 mulieris
458 3143 555 3224 saliva,
580 3161 654 3222 quae
678 3161 787 3222 pueros
811 3161 870 3204 nou
890 3143 1002 3223 puellas
1021 3141 1149 3203 ediderit
1168 3158 1201 3208 ta

132 3243 162 3295 et
184 3231 363 3294 abstinuerit
382 3249 414 3300 se
434 3232 529 3311 pridie
548 3234 616 3292 vino
636 3241 666 3292 et
685 3231 759 3292 cibis
778 3231 944 3292 acrioribus
964 3239 993 3291 et
1011 3232 1148 3310 inprimis

91 3337 117 3379 aa
132 3325 158 3384 si
182 3339 259 3402 pura
283 3329 313 3382 et
336 3319 428 3381 nitida
452 3323 518 3402 erit,
542 3319 664 3399 angulos
688 3320 842 3381 oculorum
866 3321 1008 3397 tetigeris,
1032 3333 1149 3378 omnem

208 3515 241 3564 10
260 3507 392 3564 ordiocio.
476 3513 508 3562 16
527 3505 632 3576 pixide.
714 3503 900 3560 3131133313.
977 3506 1012 3556 30
1029 3500 1150 3570 lyppies.

956 3590 988 3640 5*
