2564 3794
543 125 783 192 -134—

105 329 110 337 -
157 296 187 350 et
210 288 342 348 furfures
364 305 432 348 curn
452 306 527 366 aqua
546 287 641 348 mulsa
660 288 809 368 decoques
830 295 860 348 et
877 305 932 367 pro
951 285 1171 366 gargalismatio

102 379 251 442 abuteris
280 377 315 436 ad
344 394 430 437 uvam
459 377 661 455 reparandam.
703 377 808 438 Aleum
835 395 903 437 curn
927 375 987 436 sale
1010 377 1115 435 tritum
1138 377 1172 435 in

103 481 137 530 3ο
156 465 284 527 cocleari
302 465 470 544 adpositum
488 483 562 526 uvae
581 465 773 526 vehementer
792 484 857 526 eam
876 464 996 525 relevat.
1024 463 1088 524 illei
1106 482 1171 524 um·
1263 483 1264 486 ¹

155 554 287 635 bilicum,
306 572 364 632 quo
384 571 474 632 grana
494 557 686 614 continentur
703 563 792 633 atque
807 553 859 615 ubi
873 553 990 614 radices
1003 552 1171 633 inhaerent,
1263 567 1264 636 f

156 662 225 704 curn
248 645 321 721 ipsis
345 641 497 703 radicibus
520 644 551 702 in
575 643 732 720 phoenicio
760 642 875 720 conliga
904 644 942 701 et'
962 640 1108 702 laboranti
1132 641 1200 702 des
1263 655 1264 678 ³

102 745 134 795 31
156 750 212 792 uva
234 730 305 792 luna
329 733 454 810 septima
477 730 652 811 phylacterii
675 749 757 791 more
781 730 955 808 suspendes,
1002 729 1097 791 Ovum
1121 749 1170 790 ex·

155 823 301 881 inanitum
326 819 506 898 completum
529 821 593 880 viva
616 826 696 880 terra
720 820 784 880 loco
806 819 906 880 clauso
926 821 952 878 si
971 817 1171 880 abscondatur

155 909 191 969 ab
216 927 260 989 eo,
284 910 336 987 qui
359 908 395 968 de
415 908 550 968 faucibus
570 917 599 968 et
618 910 735 968 arteriis
755 907 908 987 laborabit,
932 907 1065 968 remedio
1084 926 1169 986 prae·

102 1011 136 1060 32
156 999 234 1058 senti
257 997 315 1056 sihi
338 996 483 1057 subvenit.
530 995 595 1056 Olei
618 999 726 1058 veteris
755 997 834 1076 quod
861 998 932 1056 satis
955 998 1013 1056 erit
1035 996 1170 1057 infusum

155 1085 278 1145 naribus
306 1093 453 1145 tumorem
479 1087 657 1145 arteriarum
681 1103 819 1164 represso
842 1084 977 1164 periculo
1000 1086 1213 1145 suffocatio-10

102 1186 135 1236 33
156 1176 203 1232 nis
227 1175 344 1233 evincit.
391 1171 507 1233 Fimum
532 1173 748 1253 columbinum,
776 1175 850 1234 licus
879 1173 976 1233 aridas
1002 1180 1032 1234 et
1056 1175 1169 1234 nitrum

155 1260 264 1322 tundes
288 1279 380 1338 eaque
404 1263 495 1321 mixta
519 1263 705 1321 extrinsecus
728 1261 872 1342 adpones3
900 1261 956 1321 hoo
985 1261 1169 1322 medicamen

102 1363 137 1412 34
155 1351 344 1427 asperitatem
364 1348 495 1409 saucium
515 1349 608 1409 mollit
627 1348 914 1428 destillationemque
934 1353 1065 1429 castigat.
1097 1349 1168 1412 Coc·

154 1438 217 1497 leae
241 1446 320 1497 terra
344 1444 460 1498 tantum
479 1456 604 1498 excurssa
622 1438 731 1499 inlotae
751 1447 930 1517 coquuntur,
954 1439 1061 1499 dehine
1080 1441 1169 1500 tritae
1263 1429 1264 1510 ζ

155 1545 224 1587 cunr
243 1544 329 1604 passo
349 1526 465 1586 Cretico
485 1527 642 1587 adversum
662 1527 791 1588 lancium
809 1527 960 1588 molestias
979 1527 1167 1590 hauriuntur.
1184 1543 1213 1584 15

101 1626 135 1677 35
154 1615 193 1676 Ut
212 1615 341 1676 faucium
361 1615 501 1676 duritiam
520 1615 621 1697 leniae,
646 1617 829 1677 medicamen
848 1616 939 1677 facies
957 1615 1028 1678 tale:
1051 1615 1168 1695 Myrrae

158 1738 196 1748 —
218 1704 273 1786 ΙΙΙ,
296 1706 378 1765 croci
404 1738 440 1748 -
462 1705 488 1786 l,
512 1705 697 1784 tragacanthi
722 1737 758 1748 -
780 1704 833 1784 ΙΙΙ,
857 1707 1033 1766 ammoniaci
1059 1738 1097 1748 -
1118 1704 1169 1788 ΙΙΙ,

155 1792 251 1854 mellis
280 1793 359 1872 quod
388 1795 459 1854 satis
488 1795 534 1854 sit.
581 1792 686 1854 Omnia
714 1793 787 1854 haec
816 1797 886 1854 trita
910 1801 997 1872 atque
1020 1795 1168 1873 permixta

154 1882 300 1943 recondes
319 1891 350 1943 et
368 1893 471 1961 parato
491 1889 633 1961 certoque
652 1881 784 1942 subsidio
806 1882 842 1942 ad
862 1884 986 1942 arterias
1005 1885 1168 1944 crassiores

103 1987 136 2036 36
157 1979 187 2030 et
219 1971 255 2030 ad
288 1971 491 2031 difficultatem
525 1973 606 2032 vocis
638 1972 741 2032 uteris.
793 1971 836 2030 hd
869 1978 1003 2031 tumores
1034 1991 1107 2032 uvae
1138 1980 1212 2033 etro
1263 2021 1264 2054 3

155 2059 285 2120 faricium
318 2059 524 2138 reprimendos
555 2060 726 2138 gargalizari
756 2067 873 2138 oportet
904 2059 1032 2138 tepidam
1061 2079 1168 2139 aquam

154 2148 281 2208 mulsam
304 2166 372 2208 eum
396 2167 500 2208 umore
523 2151 634 2208 tisanae
660 2157 691 2209 et
713 2166 782 2208 cum
805 2147 891 2208 melle
915 2148 1076 2228 decoctam,
1099 2167 1168 2228 pas-

156 2255 222 2296 sum
246 2255 364 2314 quoque
388 2255 457 2296 curn
476 2235 657 2314 glycyrrhiza
680 2236 726 2296 vel
749 2237 862 2316 hysopo
885 2236 931 2297 vel
954 2238 1040 2297 launo
1060 2255 1167 2316 graeco

155 2323 202 2383 vel
225 2323 278 2382 lini
301 2326 414 2385 semine
438 2324 594 2385 decoctum
614 2327 694 2384 iuvat
717 2343 833 2385 necnon
857 2334 887 2386 et
910 2345 986 2404 aqua
1004 2324 1167 2386 malvarum

102 2428 135 2476 37
154 2411 215 2471 illic
233 2413 418 2472 incoctarum
438 2412 656 2490 gargalizatloni
674 2411 835 2492 plurimum
850 2415 980 2492 prodest.
1009 2413 1089 2476 Bene
1104 2417 1166 2494 opi·
1182 2431 1210 2472 ss

155 2499 268 2560 tulatur
288 2507 317 2560 et
336 2501 500 2560 lomentum
519 2518 572 2579 per
587 2500 737 2580 slongeanr
754 2502 918 2562 adhibitum
934 2522 970 2564 ex
984 2521 1059 2582 aqua
1074 2503 1166 2564 calida

155 2590 281 2648 arteriae
305 2596 335 2648 et
354 2586 498 2667 saucibus,
522 2607 595 2667 quas
614 2597 714 2668 partes
733 2588 835 2668 postea
854 2593 915 2670 tegi
934 2591 1084 2671 oportebit
1102 2593 1168 2653 lana

155 2676 258 2737 sucida
281 2695 363 2754 pura.
1145 2740 1147 2744 ,

101 2780 159 2829 38·
245 2764 356 2825 Sedent
384 2772 516 2826 tumores
541 2767 671 2826 faucium
694 2775 724 2826 et
747 2787 820 2828 uvae
843 2771 1055 2847 perunctiones
1079 2787 1167 2848 quae-

155 2853 236 2935 dam,
263 2861 298 2913 ut
327 2872 418 2914 sucus
447 2853 483 2914 de
511 2856 602 2916 moris
630 2863 733 2916 coctus
760 2857 792 2916 in
814 2857 911 2917 mellis
934 2857 1167 2939 spissitudinem,
1182 2879 1210 2918 oo

154 2943 226 3002 item
245 2941 315 3002 mall
329 2941 434 3002 Punici
453 2961 612 3020 granorum
633 2961 732 3024 sucus,
750 2947 822 3004 item
841 2964 914 3006 uvae
934 2946 1057 3006 acerbae
1077 2965 1168 3008 sucus

155 3031 259 3091 eodem
282 3031 370 3091 modo
394 3031 550 3112 decoetus3
574 3032 696 3111 prodest
719 3040 749 3092 et
772 3033 890 3094 lentisci
908 3042 939 3095 et
957 3034 1119 3095 terebinthi
1138 3045 1169 3096 et

154 3121 229 3180 rhus
244 3120 356 3200 Syriaci
371 3129 401 3180 et
415 3129 529 3200 myrtae
545 3129 574 3180 et
593 3121 661 3182 rubi
680 3129 710 3182 et
729 3139 813 3182 rosae
834 3141 933 3201 sucus,
953 3125 1060 3182 sicum
1081 3123 1167 3184 melle

154 3209 348 3270 haecomnia
373 3210 593 3291 decoquantur,
620 3229 716 3290 pruna
746 3229 866 3290 quoque
893 3219 1019 3290 prosunt
1042 3219 1167 3292 matura,

226 3345 380 3401 bfoenioio.
432 3344 579 3400 sfilaierii.
630 3345 863 3401 iabseondiatur.
915 3350 948 3399 10
963 3343 1167 3414 suffugalionis.

156 3422 188 3470 15
207 3417 362 3472 sariuntur.
415 3423 448 3471 16
467 3417 597 3484 myrrhoe
617 3419 683 3486 (aie).
736 3423 769 3470 17
788 3416 951 3470 tracaeent'u
993 3421 1029 3470 20
1048 3415 1169 3472 difficul-

152 3487 221 3542 tate.
269 3496 302 3544 33
321 3487 469 3560 glyceriza.
516 3495 550 3543 25
570 3488 689 3544 incocta.
745 3486 881 3556 prodeunt
899 3487 968 3556 (sic).
1014 3493 1049 3542 33
1068 3492 1170 3558 myrto.
