2540 3802
497 103 733 169 -253-

106 269 139 328 in
165 266 281 328 balineo
310 267 341 325 in
370 265 443 326 solio
473 265 539 326 data
566 269 651 344 potui
678 266 733 327 hac
763 267 930 329 valetudine
954 268 1122 330 laborantes

106 359 167 417 cito
190 353 375 416 remediahit.
1146 401 1148 404 .

196 444 237 504 hd
256 444 384 504 nesciam
400 443 565 504 remedium
581 445 637 504 sic:
657 443 731 505 Cera
746 445 839 505 rubea
854 452 884 505 et
900 453 1016 505 stercus
1031 448 1122 522 canis,
1143 458 1177 508 47

107 533 187 612 quod
207 541 253 593 est
271 531 384 613 alhum3
402 532 458 592 hoc
478 535 539 593 sicc
558 539 621 592 tum
640 535 671 592 in
692 533 753 593 sole
773 536 851 594 etin
871 533 992 593 modum
1012 534 1122 594 farinae

81 622 274 683 scribratum
298 639 366 682 cum
389 621 481 682 luerit
502 629 670 700 contusum,
694 621 774 682 lento
795 624 858 700 igni
877 640 963 682 cerae
982 624 1124 683 remissae

107 711 289 772 admiscetur
316 727 371 787 per
398 718 498 788 partes
527 718 557 770 et
586 708 644 769 olei
666 728 788 790 parum,
811 719 927 772 tantum
952 719 985 771 ut
1006 710 1125 772 mollius

107 799 188 860 idem
212 799 358 859 alliciatur
380 797 577 878 medicameu3
607 798 659 858 sed
684 807 769 859 antea
796 808 894 860 tamen
918 798 1124 879 colocynthide

107 896 139 949 et
166 888 319 948 centaurio
343 893 467 947 curetur
490 889 540 947 cui
562 887 741 948 medendum
765 896 827 968 est,
851 895 898 968 ut,
922 889 947 948 si
971 906 1031 949 non
1054 906 1122 968 pre-

107 977 221 1057 fecerit,
246 976 430 1036 curationem
453 977 562 1039 iterum
586 974 734 1036 adhibeas.

519 1168 599 1230 dtr.
622 1168 722 1232 XXVI.

110 1281 261 1338 Bauium
288 1282 323 1336 et
349 1277 481 1336 vesiooe
510 1281 686 1338 doloribus
709 1285 745 1338 et
768 1281 879 1339 musis
901 1282 1069 1340 universis
1093 1286 1128 1339 et

112 1369 244 1426 oeloulo
278 1371 314 1424 et
345 1369 518 1437 (lysaniae,
551 1369 588 1424 ld
619 1373 672 1426 est
702 1371 822 1428 urinae
855 1371 1127 1440 difficultatibus,

110 1460 146 1514 et
165 1457 374 1526 stranguriae
391 1470 525 1514 necnon
544 1461 579 1514 et
596 1459 800 1515 submeiulis
818 1461 969 1517 remedia
987 1461 1128 1530 physica

237 1548 272 1602 et
293 1546 506 1602 rationabilia
529 1546 663 1602 diversa
685 1548 729 1602 de
753 1549 1005 1618 experimentis.

73 1702 99 1740 1o
202 1681 245 1742 hd
260 1684 377 1742 renium
392 1690 541 1742 tumorem
556 1689 607 1741 aut
622 1682 882 1742 exulcerationem.
910 1683 1006 1744 Etiam
1022 1687 1047 1744 si
1062 1703 1126 1745 san·
1148 1699 1162 1746 1

114 1770 317 1849 guinulentam
346 1772 462 1831 urinam
491 1771 558 1848 quis
585 1770 686 1850 faciat,
717 1770 773 1831 hoc
801 1771 932 1832 remedio
961 1772 1127 1833 sanabitur:

113 1858 209 1920 Rosae
232 1859 331 1920 aridae
355 1858 503 1938 loliorum,
527 1861 682 1936 papaveris
701 1860 779 1937 nigri
799 1861 929 1942 seminis
952 1859 1128 1923 nucleorum

113 1951 270 2026 pinearum
289 1949 370 2027 paria
389 1947 521 2026 pondera
540 1947 767 2008 contunduntur
786 1965 921 2008 seorsum
941 1957 971 2009 et
989 1951 1129 2011 inunum

113 2038 292 2117 miscentur3
311 2036 380 2096 inde
400 2035 487 2096 datur
506 2045 650 2114 quantum
670 2054 730 2097 nur
749 2035 897 2114 iuglandis
916 2055 951 2098 ex
968 2040 1049 2117 passi
1064 2057 1128 2118 cya-

73 2141 99 2182 15
113 2125 173 2186 this
196 2125 313 2186 duobus
337 2133 367 2184 et
389 2142 483 2203 aquae
507 2125 621 2204 cyathis
644 2125 751 2186 trihus.

201 2214 265 2274 lilia
284 2214 319 2272 ad
340 2214 458 2273 renium
477 2212 608 2273 dolorem
627 2216 718 2294 potio,
739 2232 814 2292 quae
833 2217 922 2274 etiam
940 2217 1026 2292 quasi
1044 2215 1128 2276 hare·
1148 2227 1164 2275 2

112 2320 181 2362 nam
205 2301 351 2362 sablosam
374 2302 526 2362 interdum
550 2303 689 2381 detrahit,
713 2304 822 2380 accipit
844 2301 932 2363 haee:
954 2306 1021 2383 hpii
1042 2307 1129 2365 semi·

112 2393 168 2470 nis,
191 2389 368 2469 petrosilini,
392 2393 477 2470 anisi,
502 2391 686 2469 singulorum
707 2391 732 2450 ll
752 2409 840 2451 senos
859 2392 960 2470 donoc,
979 2393 1067 2454 dauci
1085 2411 1130 2454 se·

111 2480 201 2538 minis
230 2477 342 2559 llllll,
371 2479 494 2538 schoeni
522 2479 660 2540 denarios
683 2479 734 2558 vt,
763 2481 845 2540 croci
868 2479 1006 2561 llXXll,
1034 2481 1130 2542 mellis

73 2574 257 2645 acquantum
281 2569 353 2628 satis
376 2567 533 2629 videbitur.
571 2567 648 2627 Hinc
672 2567 759 2628 datur
783 2576 927 2647 quantum
949 2567 1070 2648 lupinus
1094 2589 1131 2631 ex

111 2655 208 2716 mellis
232 2655 331 2734 ligulis
354 2655 470 2717 duabus
494 2663 524 2717 et
547 2675 640 2735 aquae
664 2656 778 2736 cyathis
797 2655 859 2717 llll.

201 2743 245 2804 hd
273 2746 391 2805 renium
418 2755 566 2806 tumorem
595 2753 625 2805 et
654 2745 787 2806 dolorem
819 2745 985 2806 remedium
1016 2746 1164 2824 atticano

112 2831 192 2912 quod
216 2833 286 2893 lacit
309 2841 339 2894 et
362 2834 397 2894 ad
422 2836 563 2894 iocineris
588 2843 618 2894 et
641 2833 727 2894 lienis
751 2841 899 2894 tumorem
919 2835 1003 2894 etad
1022 2834 1128 2913 hydro·

110 2925 195 3001 picus
219 2929 249 2982 et
272 2921 308 2982 ad
331 2941 393 3002 eos,
417 2925 468 3001 qui
492 2922 561 2982 mali
584 2921 693 2982 coloris
716 2931 840 3001 propter
864 2921 937 2983 haee
961 2925 1031 2982 vitia
1050 2934 1129 2984 sunt.

71 3011 229 3090 ashccipit
256 3011 342 3072 hoec:
376 3011 463 3072 Croci
493 3009 576 3090 XX,
604 3011 691 3071 nardi
719 3010 814 3071 Indici
838 3010 920 3091 llll,
948 3013 1024 3071 costi
1048 3009 1127 3090 tili,

111 3099 233 3161 schoeni
254 3098 314 3179 lll,
333 3101 463 3160 cinnami
483 3098 544 3178 xi,
563 3117 679 3178 myrrae
698 3107 810 3160 stactae
831 3098 893 3178 iii,
912 3098 1008 3158 mallis
1025 3101 1129 3182 optimi

203 3251 394 3308 lvalitudine.
436 3253 578 3307 thecum.
621 3253 772 3307 tollente.
808 3249 1007 3305 cereremiesa.
1041 3255 1133 3318 dhoet

112 3325 207 3392 partes
226 3323 291 3378 odd.
306 3322 398 3378 farina
413 3323 497 3377 canis.
555 3324 690 3390 quantum
707 3325 739 3376 ut
757 3319 876 3376 mollior.
927 3327 960 3374 14
978 3319 1131 3392 iuglandis]

112 3396 154 3450 stc
167 3393 295 3451 Scribon.
310 3410 420 3464 quoque.
460 3397 493 3447 18
508 3392 592 3463 anisi]
607 3393 689 3448 sanai.
724 3389 874 3446 macconi.
910 3396 944 3446 21
959 3392 1067 3446 duabus
1082 3407 1132 3447 om.

114 3470 148 3518 23
169 3464 206 3519 ad
225 3472 289 3522 ante
307 3463 438 3521 iocineris
457 3480 507 3520 om.
576 3463 733 3534 ydropicus.
803 3468 837 3517 26
856 3461 958 3518 scoeni.
1022 3461 1132 3518 mitrae.
