2518 3806
486 133 721 197 -377-

190 292 313 354 Galbani
336 295 527 374 semunciam,
550 295 727 372 opopanacis
751 296 854 355 uncias
878 295 960 375 duas,
983 298 1111 358 castorei
1129 305 1164 355 63

98 383 204 442 uncias
227 381 267 463 ll,
296 400 381 442 cerae
409 381 441 442 P.
466 381 506 464 ll,
534 380 591 442 olei
617 381 726 442 lauriui
753 384 856 442 uncias
879 381 918 463 ll,
947 382 1004 444 olei
1031 403 1110 445 oom-

97 471 200 530 munis
227 470 259 530 P.
278 469 305 550 l,
333 469 391 530 olei
419 471 526 530 veteris
554 469 669 530 rancidi
695 469 727 530 P.
746 469 772 551 1,
800 471 966 549 aphronitri
993 473 1111 534 candidi

96 557 206 636 pilulas
229 557 400 639 duodecim,
427 557 574 619 medullae
598 560 733 618 cervinae
756 559 855 638 pondo
879 577 984 637 unum,
1010 560 1111 640 butyri

69 645 131 706 sP.
156 646 181 726 1,
210 645 308 706 clavos
336 645 478 725 caligares
506 646 543 706 de
572 645 744 707 sterculinio
773 646 914 707 collectos
942 647 979 708 de
1007 648 1111 710 dextra

97 733 192 813 caliga
210 731 284 814 Vlll,
307 735 344 796 de
367 737 488 794 sinistra
511 743 625 815 septem
643 736 674 795 in
694 735 817 814 singulis
836 734 965 796 linteolis
983 735 1110 816 alligato,

98 823 143 882 sin
171 823 202 882 in
230 841 356 883 aeneum
383 825 480 903 mitte,
508 822 615 883 deiude
643 825 684 883 ita
712 841 779 884 cum
804 841 894 902 supra
918 826 1038 902 scriptis
1061 825 1110 884 de·

97 928 204 990 coque,
227 917 261 971 ut
284 910 475 990 emplastrum
495 911 621 971 densum
640 911 730 971 facias
748 910 874 990 pedibus
894 930 962 972 cum
980 912 1110 973 volueris

98 998 315 1078 adponendum.
348 998 555 1078 Opnpanacem
578 1017 648 1058 sane
672 1017 739 1059 cum
762 999 930 1081 liquaveris,
953 999 1111 1078 galbanum

56 1101 83 1141 10
97 1094 201 1164 postea
224 1086 364 1168 liquabis3
388 1087 495 1147 dehinc
514 1089 612 1147 omnia
630 1086 745 1166 reliqua
766 1105 835 1148 cum
854 1090 979 1170 coxeris,
999 1088 1110 1150 dolabis

99 1182 130 1235 et
154 1176 197 1235 sic
221 1174 257 1234 de
280 1177 435 1254 permixtis
459 1174 596 1235 omnibus
616 1175 808 1254 emplastrum
827 1176 931 1257 lacies3
954 1177 1110 1238 miraberis

97 1263 265 1324 remedium
287 1263 443 1344 podagrae,
466 1265 535 1342 quia
557 1263 687 1342 palmare
711 1271 765 1324 est.

188 1352 233 1412 dd
259 1354 404 1430 impetum
436 1352 583 1430 podagrae
615 1351 794 1430 remedium,
826 1353 906 1430 quod
934 1352 1111 1414 Artemisius
1130 1358 1165 1408 54

99 1438 203 1499 Dianio
228 1440 358 1500 ostendit
380 1442 436 1500 sic:
465 1439 552 1501 Croci
574 1440 711 1500 denarios
735 1441 823 1520 duoS,
846 1441 978 1517 pulveris
1001 1441 1111 1523 Asiani,

58 1540 84 1581 15
99 1527 130 1586 id
158 1534 204 1586 est
231 1527 267 1586 de
292 1527 389 1605 lapide
412 1527 576 1607 Magnesio,
604 1529 656 1606 qui
682 1530 714 1587 in
742 1527 894 1588 venalibus
922 1529 1042 1588 difficile
1066 1531 1111 1589 in·

8 1609 9 1612 ’
99 1616 232 1696 venitur,
259 1617 377 1675 unciam
405 1633 508 1694 unam3
537 1615 589 1675 sed
617 1617 643 1674 si
670 1615 719 1675 hic
747 1617 883 1694 nonsit,
910 1633 965 1693 pro
988 1616 1111 1694 pulvere

8 1717 10 1768 ζ
100 1703 266 1782 aphronitri
288 1735 330 1745 —
350 1701 363 1762 1
386 1705 486 1763 mittes
510 1711 540 1763 et
562 1721 685 1763 ovorum
710 1710 850 1781 quattuor
869 1701 1028 1784 lacrimam,
1051 1723 1111 1765 non

100 1790 266 1852 medullam.
312 1789 392 1850 Haec
420 1792 489 1850 trita
517 1799 547 1851 et
574 1792 664 1850 mixta
693 1797 903 1869 conponuntur
931 1793 962 1850 in
990 1792 1111 1853 modum

101 1881 204 1958 ceroti,
228 1897 286 1957 quo
311 1878 536 1957 superlinuntur
559 1878 650 1957 pedes
674 1878 710 1938 de
734 1877 863 1956 pinnula.

9 2009 10 2038 ᾗ
62 1982 88 2020 ro
190 1965 327 2027 Farinam
351 1967 387 2028 de
411 1965 542 2028 meliloto
564 1969 596 2026 in
618 1966 690 2026 lotio
713 1965 842 2026 humano
866 1973 896 2026 et
918 1964 1044 2046 axungia
1063 1986 1111 2028 ve·
1130 1973 1165 2022 aa

9 2079 11 2140 3
101 2063 165 2116 tere
194 2073 346 2134 concoque
374 2073 497 2134 eamque
526 2072 623 2134 panno
656 2053 747 2115 inliue
780 2061 811 2114 et
843 2072 909 2115 mox
943 2053 995 2114 ubi
1027 2056 1111 2116 dolor

9 2141 11 2285 j
101 2143 312 2224 suspicabitur,
334 2143 460 2222 pedihus
483 2145 616 2225 impone,
638 2161 693 2223 pro
717 2150 799 2203 certo
823 2145 923 2203 statim
946 2161 1015 2204 eum
1037 2144 1111 2204 mul·

10 2299 11 2310 ,
102 2230 180 2292 cebit
202 2231 259 2292 hoc
282 2232 455 2292 remedium.

10 2355 12 2420 ,
189 2319 341 2398 Axnngiae
369 2319 399 2380 P.
428 2321 499 2399 tria,
531 2321 647 2379 resinae
680 2318 897 2380 terebinthinae
925 2319 956 2380 P.
980 2319 1009 2400 1,
1036 2322 1112 2399 picis
1131 2325 1166 2376 56

10 2421 11 2474 ᾗ
63 2419 89 2461 aa
102 2406 230 2486 liquidae
254 2407 284 2466 P.
308 2407 333 2488 1,
363 2426 448 2468 cerae
476 2409 642 2468 communis
664 2407 695 2468 P.
719 2407 745 2486 1,
773 2406 926 2486 sulphuris
953 2409 1010 2468 vivi
1038 2408 1071 2470 P.
1090 2409 1111 2489 1,

102 2503 186 2556 rutae
210 2495 312 2555 viridis
336 2487 376 2581 2-
394 2495 443 2575 111,
467 2495 590 2556 schoeni
611 2528 648 2538 -
669 2494 704 2570 11,
727 2494 842 2555 bdellae
865 2498 995 2556 recentis
1014 2529 1056 2540 -
1075 2496 1110 2556 ll.

102 2582 174 2644 Cum
198 2585 296 2644 omnia
319 2584 494 2644 remittenda
518 2585 669 2644 remiseris
692 2589 723 2643 et
746 2591 844 2644 cetera
868 2585 1037 2664 miscueris,
1060 2603 1112 2645 no·

102 2673 220 2732 vissime
249 2671 346 2732 sulfur
373 2679 496 2732 tunsum
523 2672 634 2732 adicies
663 2679 693 2732 et
716 2673 812 2731 omnia
836 2673 917 2732 iuxta
940 2673 1040 2751 iguem
1063 2691 1111 2733 ex·

103 2761 208 2838 agitata
232 2758 379 2820 miscebis.
414 2759 494 2820 llaec
517 2762 692 2840 compositio
711 2759 858 2838 praesidio
878 2769 992 2822 servata
1011 2779 1112 2840 quam-

65 2862 90 2902 oo
103 2851 146 2908 vis
169 2866 268 2909 acrem
291 2850 435 2926 impetum
458 2847 604 2927 podagrae
628 2849 753 2908 orientis
777 2849 931 2927 extinguit.

191 2935 255 2996 Olei
288 2937 402 3015 cyprini
434 2935 565 2996 modium
597 2939 628 2996 in
661 2955 785 2997 aeneum
818 2939 947 2997 conicias
985 2941 1165 3016 cumquei?

103 3026 231 3104 primum
254 3023 392 3104 fervebit,
419 3026 520 3085 mittes
542 3026 574 3084 in
597 3025 670 3084 illud
694 3023 811 3103 vulpem
835 3024 995 3085 masculam
1020 3027 1112 3085 vivam

104 3122 133 3174 et
159 3113 294 3173 tamdiu
322 3130 448 3192 coques,
479 3112 573 3172 donec
601 3130 711 3191 corpus
739 3114 803 3173 eius
832 3112 952 3172 surculo
976 3112 1112 3172 facillime

104 3201 313 3282 transforatum
331 3209 404 3261 tuuc
424 3201 521 3260 oleum
535 3199 700 3280 percolabis
717 3207 747 3259 et
761 3199 872 3260 adicies
886 3201 917 3259 in
931 3201 961 3260 id
976 3203 1113 3282 samsuci,

191 3411 225 3459 22
245 3421 295 3473 pro
315 3407 391 3460 certo
375 3405 404 3476 o]
424 3423 463 3460 ac
482 3405 637 3474 tegendum:
659 3403 773 3485 impona
795 3421 848 3473 pro
866 3406 976 3471 ceroto,
995 3405 1111 3461 statim?

105 3482 138 3531 32
156 3475 311 3530 masculam
330 3475 423 3532 vivam
442 3477 555 3545 amabat:
573 3476 728 3530 masculum
747 3474 842 3531 vivum
862 3445 1022 3531 Carnarius.
