2518 3806
545 85 788 150 -354-

159 266 235 327 pana
258 265 294 308 ex
317 266 404 326 passo
424 247 540 308 Cretico
565 247 687 308 decocta
711 266 838 326 cumque
863 251 910 308 ovi
929 249 1004 310 duro
1024 251 1131 313 vitello
1152 265 1180 315 et
1250 277 1253 340 ,

160 355 227 396 cum
251 354 324 396 uvae
347 355 450 415 passae
474 335 589 398 nucleis
612 338 692 397 tritis
716 337 806 396 mixta
830 337 976 418 medetur,
1000 340 1041 398 ita
1062 347 1098 400 ut
1119 361 1180 402 ma-

158 423 293 504 lagmatis
317 425 403 484 modo
426 427 554 504 inposita
577 424 785 503 superligelur.

107 525 141 574 69
249 513 382 593 Asopum
405 513 488 574 valde
516 513 589 574 utile
617 523 647 573 et
672 522 788 574 certum
811 513 952 574 remediis
976 516 1180 580 articulorum

159 609 248 680 atque
269 620 430 662 nervorum
450 604 506 662 sic:
529 601 672 662 Medullae
692 603 837 682 cervinae,
861 603 957 680 adipis
975 607 1097 686 veteris,
1125 606 1202 668 bns
1252 613 1253 686 j

158 693 226 770 tyri,
249 692 311 750 sevi
330 693 449 764 cervini,
470 693 585 750 resinae
605 690 718 769 frictae,
736 691 811 768 picis
831 690 957 772 cedriae,
979 694 1056 770 picis
1071 693 1178 772 lagun—
1252 687 1253 724 l

159 778 281 858 cularis,
314 797 399 839 cerae
405 827 414 860 ,
442 778 625 858 singulorum
653 779 756 840 uncias
784 787 884 840 ternas
916 781 948 840 in
981 798 1069 841 aereo
1104 802 1178 844 vaso

159 869 295 927 remittes
319 867 399 927 lento
422 869 484 946 igni
508 868 618 945 diuque
642 865 774 946 agitabis
798 875 832 927 ul
855 875 969 928 coeant.
1007 868 1085 930 Tum
1106 890 1178 950 per·
1252 909 1253 946 3

158 955 253 1016 colato
277 955 480 1037 medicamine,
505 964 538 1016 ut
561 973 609 1016 res
632 957 737 1034 poscit,
760 957 863 1016 uteris

105 1055 139 1106 70
249 1043 376 1123 Spumae
400 1047 516 1122 argenti
537 1077 575 1088 -
596 1044 623 1104 ll
646 1044 755 1104 lundes
779 1051 809 1103 et
831 1043 932 1123 butyri
954 1055 985 1104 et
1008 1045 1105 1124 adipis
1127 1067 1175 1108 vc·
1189 1067 1212 1107 n

158 1134 231 1192 teris
259 1141 290 1192 et
317 1151 402 1192 rosae
431 1132 594 1211 Campanae
623 1134 726 1192 uncias
753 1140 853 1193 ternas
881 1135 1017 1194 remittes
1046 1141 1077 1194 et
1105 1154 1175 1214 per-

158 1218 298 1279 miscebis
318 1228 348 1279 et
366 1227 468 1299 postea
487 1223 518 1280 in
537 1223 679 1280 mortario
699 1219 787 1280 simul
806 1228 944 1282 conteres
963 1231 993 1282 et
1012 1223 1056 1284 sic
1077 1228 1174 1286 uteris

158 1307 194 1368 ad
218 1306 412 1366 articulorum
435 1315 465 1368 et
488 1325 646 1368 nervorum
671 1309 933 1370 confirmationem.

105 1407 138 1456 ‘11
248 1395 447 1470 Argimoniam
467 1414 502 1456 ex
522 1398 589 1456 vino
609 1403 728 1457 austero
748 1415 859 1475 coques
879 1406 909 1458 ct
928 1407 1007 1460 teres
1027 1399 1174 1462 adrorans

157 1483 308 1544 interdum
332 1483 436 1544 eodem
459 1487 525 1545 vino
549 1484 680 1566 herbam,
703 1493 767 1546 tum
791 1485 915 1546 fomenti
938 1487 1026 1547 modo
1045 1489 1173 1551 calidam
1187 1507 1211 1548 15

157 1571 412 1652 condylomatibus
436 1573 629 1634 articulorum
652 1574 699 1634 vel
723 1573 961 1654 quibuscumque
981 1575 1046 1636 aliis
1066 1596 1172 1656 super·

156 1679 250 1742 pones
274 1670 304 1722 et
326 1680 363 1722 ne
387 1662 503 1723 decidat
526 1662 668 1741 alligabis.

103 1761 137 1811 72
247 1749 416 1828 Serpullum
439 1769 532 1830 aeque
557 1769 624 1811 cum
648 1753 716 1812 vino
739 1758 858 1812 austero
882 1760 999 1813 coctum
1019 1755 1085 1830 pari
1105 1755 1172 1816 dili·

156 1841 255 1917 gentia
288 1839 421 1900 articulis
453 1842 591 1920 inpones,
624 1841 775 1918 potentius
802 1839 968 1900 remedium
996 1845 1172 1920 experieris.

104 1939 137 1988 73
158 1926 188 1987 Si
208 1927 380 2006 condyloma
400 1927 615 1988 intolerabilem
635 1927 766 1988 dolorem
786 1927 882 2009 saciet,
905 1929 1064 1990 medullam
1087 1935 1173 1994 canis
1186 1952 1214 1990 20

156 2034 192 2076 ex
215 2017 283 2075 vino
307 2025 425 2076 austero
449 2016 579 2094 subigito
600 2023 630 2076 et
648 2018 792 2096 inponite,
816 2035 883 2077 cum
903 2035 1017 2078 summa
1037 2019 1172 2082 efficacia

104 2115 138 2163 74
156 2103 299 2182 proderit.
341 2105 509 2182 Argimonia
542 2106 611 2164 trita
639 2124 706 2165 cum
735 2105 820 2184 adipe
847 2107 992 2183 permixta
1021 2125 1172 2170 summam

102 2204 136 2252 '15
155 2192 309 2253 medellam
338 2191 593 2271 condylomatibus
626 2193 746 2253 exbibet
774 2192 976 2254 articulorum.
1025 2194 1171 2273 Spumam

155 2283 271 2358 argenti
299 2288 329 2341 ct
356 2299 506 2341 cerussam
536 2281 624 2341 simul
652 2300 688 2342 ex
716 2283 782 2342 vino
811 2289 948 2342 conteres
972 2285 1075 2362 aequis
1099 2303 1170 2363 por·

156 2368 287 2429 tionibus
312 2377 343 2430 et
365 2371 489 2448 inpones
518 2369 742 2450 condylomatis3
771 2373 796 2430 si
824 2369 931 2431 vulnus
959 2371 1078 2452 iecerit,
1107 2373 1211 2434 sul-as

154 2459 239 2535 puris
262 2459 319 2518 vivi
343 2460 460 2518 unciam
484 2458 601 2519 adicies.

101 2559 135 2608 76
244 2543 276 2604 Si
309 2545 425 2624 quando
456 2565 516 2607 non
549 2545 732 2607 exulceratas
765 2547 940 2606 eminentias
969 2547 1072 2608 tollere
1101 2551 1168 2610 sine

154 2633 234 2692 ferro
257 2633 451 2715 voluerimus,
480 2642 513 2695 ut
537 2653 685 2715 verrucas,
708 2653 824 2715 naevos,
849 2635 945 2696 clavos
969 2635 1076 2696 aliasve
1101 2640 1166 2698 eius

153 2722 271 2799 generis
295 2721 458 2802 molestias,
481 2722 537 2784 hoc
560 2723 775 2783 medicamento
799 2731 931 2784 utemur:
964 2723 1060 2784 Calcis
1084 2727 1166 2786 virae

152 2808 178 2869 x
203 2808 252 2889 Vl,
280 2809 409 2870 saeculae
434 2819 534 2871 coctae
558 2811 583 2870 li
606 2811 660 2892 lll,
689 2813 759 2870 nitri
783 2814 844 2872 usti
867 2811 892 2870 li
914 2811 962 2874 lll.
1004 2812 1083 2874 Haec
1107 2817 1206 2875 terico

153 2905 270 2978 oportet
299 2906 328 2958 et
355 2897 443 2958 lixivo
474 2899 574 2978 colligi
602 2900 638 2959 de
666 2902 766 2960 cinere
795 2900 935 2980 caprofici
957 2901 1035 2961 iacto
1058 2902 1104 2962 vel
1128 2903 1165 2964 de

152 2989 324 3066 sarmentis,
357 2987 451 3047 donec
479 2987 542 3047 leve
571 2989 610 3048 sit
638 2995 668 3048 et
694 2989 773 3066 passi
804 2989 854 3048 liat
881 2997 1166 3072 temperamentum,

152 3075 259 3135 deinde
292 3076 370 3136 adici
402 3075 491 3136 debet
518 3075 655 3137 rubricae
683 3077 794 3155 aliquid
822 3086 873 3138 aut
901 3081 1071 3160 atramenti,
1105 3099 1164 3159 quo

152 3167 246 3242 possit
274 3163 413 3244 colorari,
443 3183 517 3244 quae
547 3165 635 3226 simul
663 3167 752 3224 mixta
781 3167 811 3224 in
837 3165 943 3244 patella
966 3166 1051 3226 fictili
1074 3171 1165 3247 coqui

242 3304 257 3352 6
277 3298 401 3370 cedriae]
420 3316 529 3355 carnee.
587 3305 619 3354 12
640 3301 689 3354 out
707 3301 813 3369 postea.
871 3305 903 3354 16
924 3299 1161 3356 condilimobibus.

153 3373 186 3422 18
206 3371 364 3438 serpullum.
440 3377 471 3425 19
491 3371 686 3440 potentiorem.
759 3375 793 3423 20
813 3369 977 3424 condiloma.
1042 3377 1076 3425 23
1097 3389 1162 3427 con·

151 3437 333 3495 dilimatibus.
406 3444 439 3494 28
458 3458 552 3496 nevos.
626 3447 660 3496 34
678 3441 790 3509 quoqui.
