2636 3790
570 133 787 199 ..56-

169 307 228 378 aut,
253 297 331 376 quod
356 295 463 357 melius
487 304 545 376 est,
570 314 625 375 gen
648 295 807 375 ampelitim
832 294 968 355 similiter
989 287 1106 378 initam,
1128 314 1184 374 pro

169 405 228 476 qua
253 385 381 446 diximus
405 385 501 464 picem
524 384 671 445 Bruttiam
694 387 771 444 mitti
795 383 913 465 debere,
937 385 1005 461 quia
1029 401 1065 461 ge
1085 401 1182 464 ampe-

170 475 230 535 litis
253 491 322 534 vera
346 472 466 534 difficile
489 473 652 554 invenitur,
676 472 723 532 his
747 472 854 532 additis
877 489 945 531 cum
969 473 1101 551 coeperit
1125 491 1182 533 me·

171 562 305 624 dicamcn
328 561 405 623 beno
428 564 609 641 permixtum
629 579 703 643 esse,
726 577 825 621 ceram
845 560 941 620 rusam
959 579 1014 639 pro
1033 561 1130 642 modo,
1150 569 1183 622 ut

171 669 260 729 supra
294 653 438 730 seriptum
470 659 529 732 est,
560 658 662 728 postea
691 651 820 710 resinam
852 650 996 727 pituinam
1028 652 1211 710 remissama

171 740 281 802 adicies
309 757 426 800 necnon
454 747 484 800 ct
512 739 640 799 resinam
669 737 853 798 cololoniam.
887 736 958 797 Post
981 738 1054 798 haec
1082 741 1183 799 mittes

171 830 387 889 ammoniacum
410 828 577 908 thymiama,
600 827 630 887 id
656 834 702 887 est
725 834 837 906 guttam
860 824 936 886 bene
958 829 1059 887 tritam
1079 835 1109 887 et
1127 828 1183 888 cri·

170 917 317 998 ballatam,
333 924 401 996 post
420 917 510 977 addes
528 915 642 995 lepidos
661 915 766 976 chalcu
786 933 901 975 necnon
917 922 946 975 et
960 914 1064 975 chalcu
1080 933 1182 975 cecan-

170 1024 271 1086 menn,
281 1005 388 1065 deiude
398 1005 489 1066 addes
499 1003 611 1084 milton,
622 1003 728 1065 deinde
738 1003 906 1084 diphryges,
919 1003 1025 1064 deinde
1036 1002 1183 1083 chalcitin,

171 1101 273 1173 postea
292 1093 500 1154 chalcanthum
519 1100 549 1153 et
563 1093 757 1173 psimithium,
778 1102 846 1171 post
865 1092 937 1152 haec
956 1091 1045 1152 addes
1064 1091 1183 1151 libanon
1198 1105 1225 1144 ιο

171 1182 286 1261 leucon,
302 1181 330 1240 id
347 1189 392 1241 est
406 1189 455 1241 tus
469 1180 568 1241 album
583 1190 612 1242 et
627 1199 765 1262 myrram,
779 1191 809 1240 et
824 1180 917 1260 aloen,
932 1197 1023 1259 super
1033 1180 1080 1240 his
1090 1181 1183 1239 omni·

171 1269 228 1330 hus
243 1265 332 1328 addes
346 1271 475 1329 resinam
490 1268 720 1329 terebinthinam
732 1277 761 1330 et
776 1267 933 1347 galbanum
948 1277 978 1329 et
992 1268 1036 1329 lac
1047 1268 1091 1328 vel
1101 1285 1183 1328 umo-

171 1375 234 1417 rem
258 1359 393 1437 panacis,
417 1357 447 1417 id
470 1365 516 1417 est
539 1375 746 1437 opopanacem.
784 1357 842 1417 Sed
866 1375 970 1416 omnes
993 1357 1045 1417 has
1069 1358 1184 1436 species

171 1445 338 1526 praedictas
352 1447 463 1524 optime
478 1447 564 1506 tritas
578 1454 608 1506 et
618 1443 784 1506 cribellatas
795 1447 914 1506 mittere
924 1444 1047 1506 debebis
1057 1445 1092 1505 ad
1103 1463 1184 1506 men-

172 1551 271 1594 suram
295 1533 342 1593 vel
364 1542 465 1613 partes
489 1551 579 1613 supra
603 1535 742 1613 scriptas,
771 1543 860 1614 prout
884 1533 1014 1594 volueris
1037 1535 1184 1595 conficere
1199 1548 1227 1590 ιι

171 1621 376 1682 medicaminis
395 1625 523 1704 copiam3
542 1641 617 1702 quae
637 1641 705 1682 cum
720 1625 817 1683 omnia
832 1622 908 1684 bene
923 1625 1014 1683 mixta
1029 1623 1140 1684 luerint
1155 1631 1185 1684 et
1279 1651 1280 1654 ¹

171 1711 247 1771 bene
262 1713 378 1792 agitata,
392 1710 479 1771 ollam
494 1710 563 1772 tolle
577 1712 614 1772 de
629 1711 695 1772 loeo
710 1719 740 1773 et
754 1711 860 1772 deinde
875 1710 970 1772 calido
985 1711 1080 1772 adhuc
1092 1712 1183 1772 medi-

172 1800 280 1861 camini
295 1799 403 1860 herbas
418 1818 508 1878 supra
523 1802 649 1880 scriptas
664 1799 739 1861 bene
755 1801 840 1860 tritas
859 1807 889 1860 et
904 1799 1072 1860 cribellatas
1086 1801 1184 1860 iniun-

172 1887 233 1948 des.
266 1887 359 1948 lmmo
378 1905 466 1950 mann
486 1888 532 1950 vel
551 1889 651 1968 digitis
671 1887 893 1950 moderantibus
911 1888 1052 1968 paulatim
1070 1891 1184 1967 insper-

172 1995 224 2056 ges
243 1985 273 2037 et
291 1975 414 2038 adsidue
434 1977 615 2057 spathomela
634 1977 832 2038 commovebis
846 1985 877 2038 et
895 1976 1098 2057 permiseehis,
1117 1986 1185 2055 post
1199 1989 1227 2030 2⁰

171 2065 244 2126 haec
263 2067 362 2126 omnia
379 2068 480 2126 mittes
494 2065 592 2126 oleum
606 2065 869 2126 chamaemclinum
882 2072 912 2126 et
925 2067 1035 2126 iterum
1049 2067 1111 2144 igni
1125 2083 1184 2126 non

172 2155 263 2214 nimio
283 2153 416 2232 adposita
439 2152 495 2213 olla
516 2153 595 2214 lente
617 2160 647 2213 et
665 2153 805 2231 paulatim
825 2153 974 2233 decoquas
994 2153 1185 2235 medicamen,

173 2244 212 2302 ita
237 2241 367 2302 utillud
397 2259 484 2300 mauu
512 2259 571 2300 uon
600 2243 767 2320 contingas,
796 2242 849 2302 scd
877 2241 1058 2321 spathomcla
1081 2243 1184 2320 agites.

119 2344 154 2393 20
173 2329 315 2390 Confecto
334 2336 433 2389 autem
454 2329 646 2390 medicamine
665 2331 760 2390 utens
779 2333 835 2390 sic:
858 2329 903 2391 tc
919 2329 1052 2390 dolorem
1071 2337 1184 2408 tempo-

174 2435 240 2478 rnm
264 2415 311 2476 vel
334 2418 488 2477 emicranii
511 2417 602 2478 linteo
626 2419 723 2496 spisso
742 2418 866 2479 induces
885 2419 1134 2479 medicamentum
1155 2427 1184 2481 et
1200 2433 1227 2473 2⁵

174 2508 217 2566 sie
242 2506 332 2565 irontl
355 2504 401 2565 vel
424 2503 608 2584 temporibus
632 2505 771 2586 adpones.
807 2507 839 2567 Si
857 2525 927 2567 vero
951 2523 1055 2568 timore
1080 2509 1186 2586 capitis

173 2595 394 2655 neumatizantis
424 2594 502 2654 oculi
530 2594 744 2675 gravabuntur,
772 2612 827 2673 per
853 2603 946 2656 totam
973 2595 1101 2655 frontem
1126 2613 1186 2657 ern·

172 2683 318 2762 plastrum
342 2681 496 2744 inductum
515 2683 606 2744 linteo
626 2683 763 2744 similiter
781 2685 916 2763 inpones.
956 2684 989 2744 Si
1012 2685 1043 2743 in
1063 2684 1186 2746 naribus

172 2771 218 2832 vel
246 2772 277 2831 in
305 2770 428 2832 au'ribus
456 2771 540 2832 dolor
568 2780 619 2833 aut
647 2772 755 2833 vulnus
784 2772 875 2834 luerit
904 2774 965 2833 sire
994 2771 1186 2834 carnulentae

172 2867 262 2920 eruut
289 2868 341 2920 aut
367 2877 454 2920 umor
477 2861 546 2931 inde
568 2860 712 2941 manabit,
737 2860 801 2921 oleo
826 2879 948 2922 rosaceo
971 2861 1101 2921 solutum
1124 2881 1185 2923 me·
1200 2879 1228 2920 so

173 2948 307 3009 dicamcn
330 2950 471 3008 inmittes.
509 2949 541 3010 Si
564 2949 664 3010 lauces
688 2951 793 3028 angina
812 2949 858 3010 vel
877 2949 1032 3028 glandulae
1052 2957 1082 3010 et
1100 2969 1186 3028 paro-

172 3037 250 3098 tides
278 3039 488 3116 occupaverint
511 3047 562 3098 aut
587 3040 707 3116 inguina
731 3037 884 3117 paniculae
909 3039 1132 3120 temptaverint,
1155 3041 1186 3100 in

172 3127 257 3186 initio
281 3125 392 3186 doloris
414 3125 597 3186 medicamen
622 3127 712 3186 linteo
735 3126 901 3208 inductum,
925 3127 977 3187 sed
1002 3128 1114 3186 siccum
1137 3128 1186 3188 ad-

172 3233 273 3294 pones.
311 3214 394 3276 Facit
417 3223 447 3274 et
470 3214 506 3274 ad
530 3213 641 3294 splenis
665 3214 797 3275 dolorem
817 3215 896 3276 aluta
914 3215 1069 3276 inductum
1089 3224 1119 3276 et
1137 3216 1186 3276 ad-

244 3356 328 3421 iges
347 3350 518 3420 ampelitem.
577 3351 802 3420 propterquam.
862 3357 954 3420 ages.
1011 3351 1184 3421 ddcfrygec.

173 3422 327 3476 9calciteu.
372 3427 405 3475 12
415 3419 628 3476 terebentiuam.
678 3437 813 3475 umorem.
857 3421 1185 3492 aoapatomali,item23.

172 3496 205 3545 21
225 3491 477 3548 chamaemelinum
495 3493 607 3561 scripsi:
626 3490 850 3546 chamaemilum.
924 3497 958 3546 ab
980 3493 1135 3565 emigranii.
