<?xml version="1.0" encoding="UTF-8"?>
<!DOCTYPE html PUBLIC "-//W3C//DTD XHTML 1.0 Transitional//EN"
    "http://www.w3.org/TR/xhtml1/DTD/xhtml1-transitional.dtd">
<html xmlns="http://www.w3.org/1999/xhtml" xml:lang="en" lang="en">
 <head>
  <title>
</title>
<meta http-equiv="Content-Type" content="text/html;charset=utf-8" />
  <meta name='ocr-system' content='tesseract 3.04.00' />
  <meta name='ocr-capabilities' content='ocr_page ocr_carea ocr_par ocr_line ocrx_word'/>
</head>
<body>
  <div class='ocr_page' id='page_1' title='image "./marcellidemedic02helmgoog_0233.png"; bbox 0 0 2540 3802; ppageno 0'>
   <div class='ocr_carea' id='block_1_1' title="bbox 488 139 724 204">
    <p class='ocr_par' dir='ltr' id='par_1_1' title="bbox 488 139 724 204">
     <span class='ocr_line' id='line_1_1' title="bbox 488 139 724 204; baseline 0 -2"><span class='ocrx_word' id='word_1_1' title='bbox 488 174 525 184; x_wconf 93' lang='lat'><em>-</em></span> <span class='ocrx_word' id='word_1_2' title='bbox 559 139 638 204; x_wconf 69' lang='lat'><strong>,221</strong></span> <span class='ocrx_word' id='word_1_3' title='bbox 688 175 724 184; x_wconf 94' lang='lat'><strong>—</strong></span> 
     </span>
    </p>
   </div>
   <div class='ocr_carea' id='block_1_2' title="bbox 11 299 1167 3123">
    <p class='ocr_par' dir='ltr' id='par_1_2' title="bbox 11 299 1167 3123">
     <span class='ocr_line' id='line_1_2' title="bbox 99 299 1146 380; baseline 0.001 -18"><span class='ocrx_word' id='word_1_4' title='bbox 99 301 215 362; x_wconf 90' lang='lat' dir='ltr'><strong>stineat.</strong></span> <span class='ocrx_word' id='word_1_5' title='bbox 256 299 395 360; x_wconf 80' lang='lat' dir='ltr'><strong>Dolorem</strong></span> <span class='ocrx_word' id='word_1_6' title='bbox 419 299 518 360; x_wconf 92' lang='lat' dir='ltr'><strong>cerdis</strong></span> <span class='ocrx_word' id='word_1_7' title='bbox 541 299 618 360; x_wconf 91' lang='lat' dir='ltr'><strong>levat</strong></span> <span class='ocrx_word' id='word_1_8' title='bbox 641 302 750 380; x_wconf 79' lang='lat' dir='ltr'><strong>cymini</strong></span> <span class='ocrx_word' id='word_1_9' title='bbox 773 299 938 380; x_wconf 79' lang='lat' dir='ltr'><strong>Aethiopici</strong></span> <span class='ocrx_word' id='word_1_10' title='bbox 963 315 1146 364; x_wconf 76' lang='lat' dir='ltr'><strong>commen-7</strong></span> 
     </span>
     <span class='ocr_line' id='line_1_3' title="bbox 100 388 1146 469; baseline 0.001 -19"><span class='ocrx_word' id='word_1_11' title='bbox 100 391 199 450; x_wconf 93' lang='lat' dir='ltr'><strong>ducati</strong></span> <span class='ocrx_word' id='word_1_12' title='bbox 218 406 310 450; x_wconf 87' lang='lat' dir='ltr'><strong>sucus</strong></span> <span class='ocrx_word' id='word_1_13' title='bbox 328 389 502 468; x_wconf 86' lang='lat' dir='ltr'><strong>frequenter</strong></span> <span class='ocrx_word' id='word_1_14' title='bbox 520 391 722 449; x_wconf 89' lang='lat' dir='ltr'><strong>transmissus.</strong></span> <span class='ocrx_word' id='word_1_15' title='bbox 748 388 912 449; x_wconf 80' lang='lat' dir='ltr'><strong>Adversum</strong></span> <span class='ocrx_word' id='word_1_16' title='bbox 934 390 1032 450; x_wconf 92' lang='lat' dir='ltr'><strong>cordis</strong></span> <span class='ocrx_word' id='word_1_17' title='bbox 1046 390 1110 469; x_wconf 91' lang='lat' dir='ltr'><strong>pul·</strong></span> <span class='ocrx_word' id='word_1_18' title='bbox 1130 402 1146 451; x_wconf 86' lang='lat'><strong>8</strong></span> 
     </span>
     <span class='ocr_line' id='line_1_4' title="bbox 100 476 1111 557; baseline -0.002 -17"><span class='ocrx_word' id='word_1_19' title='bbox 100 497 165 540; x_wconf 91' lang='lat' dir='ltr'><strong>sum</strong></span> <span class='ocrx_word' id='word_1_20' title='bbox 184 476 231 538; x_wconf 83' lang='lat' dir='ltr'><strong>vel</strong></span> <span class='ocrx_word' id='word_1_21' title='bbox 249 477 381 539; x_wconf 92' lang='lat' dir='ltr'><strong>delerem</strong></span> <span class='ocrx_word' id='word_1_22' title='bbox 401 479 510 538; x_wconf 92' lang='lat' dir='ltr'><strong>mirum</strong></span> <span class='ocrx_word' id='word_1_23' title='bbox 529 477 702 557; x_wconf 89' lang='lat' dir='ltr'><strong>remedium,</strong></span> <span class='ocrx_word' id='word_1_24' title='bbox 722 477 799 555; x_wconf 91' lang='lat' dir='ltr'><strong>qued</strong></span> <span class='ocrx_word' id='word_1_25' title='bbox 815 479 847 536; x_wconf 92' lang='lat' dir='ltr'><strong>in</strong></span> <span class='ocrx_word' id='word_1_26' title='bbox 860 476 974 538; x_wconf 91' lang='lat' dir='ltr'><strong>lamella</strong></span> <span class='ocrx_word' id='word_1_27' title='bbox 989 486 1111 556; x_wconf 84' lang='lat' dir='ltr'><strong>stagnea</strong></span> 
     </span>
     <span class='ocr_line' id='line_1_5' title="bbox 99 559 1110 646; baseline -0.002 -18"><span class='ocrx_word' id='word_1_28' title='bbox 99 559 225 628; x_wconf 84' lang='lat' dir='ltr'><strong>scribes:</strong></span> <span class='ocrx_word' id='word_1_29' title='bbox 246 569 415 646; x_wconf 83' lang='grc' dir='ltr'><strong><em>Καρυανκω</em></strong></span> <span class='ocrx_word' id='word_1_30' title='bbox 432 570 621 645; x_wconf 80' lang='grc' dir='ltr'><strong><em>Καρυανκων</em></strong></span> <span class='ocrx_word' id='word_1_31' title='bbox 639 569 828 643; x_wconf 79' lang='grc' dir='ltr'><strong><em>Καρυανκων</em></strong></span> <span class='ocrx_word' id='word_1_32' title='bbox 846 573 877 625; x_wconf 88' lang='lat' dir='ltr'><strong>et</strong></span> <span class='ocrx_word' id='word_1_33' title='bbox 894 565 1110 644; x_wconf 85' lang='lat' dir='ltr'><strong>phylacterium</strong></span> 
     </span>
     <span class='ocr_line' id='line_1_6' title="bbox 70 653 1111 734; baseline -0.001 -20"><span class='ocrx_word' id='word_1_34' title='bbox 70 656 135 716; x_wconf 83' lang='lat' dir='ltr'><strong>sdc</strong></span> <span class='ocrx_word' id='word_1_35' title='bbox 158 662 274 715; x_wconf 79' lang='lat' dir='ltr'><strong>storace</strong></span> <span class='ocrx_word' id='word_1_36' title='bbox 299 653 513 734; x_wconf 80' lang='lat' dir='ltr'><strong>subfumigabis</strong></span> <span class='ocrx_word' id='word_1_37' title='bbox 536 657 615 714; x_wconf 90' lang='lat' dir='ltr'><strong>etin</strong></span> <span class='ocrx_word' id='word_1_38' title='bbox 634 653 709 714; x_wconf 92' lang='lat' dir='ltr'><strong>collo</strong></span> <span class='ocrx_word' id='word_1_39' title='bbox 729 672 765 714; x_wconf 83' lang='lat' dir='ltr'><strong>ex</strong></span> <span class='ocrx_word' id='word_1_40' title='bbox 784 653 853 714; x_wconf 91' lang='lat' dir='ltr'><strong>licie</strong></span> <span class='ocrx_word' id='word_1_41' title='bbox 872 653 1051 734; x_wconf 87' lang='lat' dir='ltr'><strong>suspendcs;</strong></span> <span class='ocrx_word' id='word_1_42' title='bbox 1071 657 1111 714; x_wconf 89' lang='lat' dir='ltr'><strong>ita</strong></span> 
     </span>
     <span class='ocr_line' id='line_1_7' title="bbox 99 744 452 824; baseline -0.006 -20"><span class='ocrx_word' id='word_1_43' title='bbox 99 744 243 824; x_wconf 91' lang='lat' dir='ltr'><strong>proderit,</strong></span> <span class='ocrx_word' id='word_1_44' title='bbox 265 751 300 802; x_wconf 87' lang='lat' dir='ltr'><strong>ut</strong></span> <span class='ocrx_word' id='word_1_45' title='bbox 323 750 452 821; x_wconf 83' lang='lat' dir='ltr'>stupeas.</span> 
     </span>
     <span class='ocr_line' id='line_1_8' title="bbox 187 821 1146 910; baseline 0.002 -20"><span class='ocrx_word' id='word_1_46' title='bbox 187 830 232 890; x_wconf 79' lang='lat' dir='ltr'><strong>Ad</strong></span> <span class='ocrx_word' id='word_1_47' title='bbox 252 830 383 892; x_wconf 92' lang='lat' dir='ltr'><strong>delorem</strong></span> <span class='ocrx_word' id='word_1_48' title='bbox 403 830 645 910; x_wconf 79' lang='lat' dir='ltr'><strong>praecordiorum</strong></span> <span class='ocrx_word' id='word_1_49' title='bbox 664 821 840 909; x_wconf 76' lang='lat' dir='ltr'><strong>cataplasma</strong></span> <span class='ocrx_word' id='word_1_50' title='bbox 860 832 1025 909; x_wconf 82' lang='lat' dir='ltr'><strong>egregium:</strong></span> <span class='ocrx_word' id='word_1_51' title='bbox 1044 830 1146 892; x_wconf 79' lang='lat' dir='ltr'><strong>Linie</strong></span> 
     </span>
     <span class='ocr_line' id='line_1_9' title="bbox 100 919 1112 1000; baseline -0.002 -20"><span class='ocrx_word' id='word_1_52' title='bbox 100 921 222 980; x_wconf 88' lang='lat' dir='ltr'><strong>seminis</strong></span> <span class='ocrx_word' id='word_1_53' title='bbox 246 922 408 980; x_wconf 84' lang='lat' dir='ltr'><strong>sextarium</strong></span> <span class='ocrx_word' id='word_1_54' title='bbox 431 937 532 1000; x_wconf 93' lang='lat' dir='ltr'><strong>unum,</strong></span> <span class='ocrx_word' id='word_1_55' title='bbox 556 919 678 980; x_wconf 88' lang='lat' dir='ltr'><strong>feniculi</strong></span> <span class='ocrx_word' id='word_1_56' title='bbox 697 921 818 979; x_wconf 88' lang='lat' dir='ltr'><strong>seminis</strong></span> <span class='ocrx_word' id='word_1_57' title='bbox 838 920 1000 979; x_wconf 85' lang='lat' dir='ltr'><strong>sextarium</strong></span> <span class='ocrx_word' id='word_1_58' title='bbox 1019 937 1112 980; x_wconf 92' lang='lat' dir='ltr'><strong>unum</strong></span> 
     </span>
     <span class='ocr_line' id='line_1_10' title="bbox 11 1007 1112 1087; baseline -0.002 -19"><span class='ocrx_word' id='word_1_59' title='bbox 11 1029 12 1040; x_wconf 55' lang='lat'>¹</span> <span class='ocrx_word' id='word_1_60' title='bbox 100 1027 135 1068; x_wconf 84' lang='lat' dir='ltr'><strong>ex</strong></span> <span class='ocrx_word' id='word_1_61' title='bbox 163 1026 238 1087; x_wconf 88' lang='lat' dir='ltr'><strong>aqua</strong></span> <span class='ocrx_word' id='word_1_62' title='bbox 267 1008 362 1068; x_wconf 93' lang='lat' dir='ltr'><strong>mulsa</strong></span> <span class='ocrx_word' id='word_1_63' title='bbox 390 1008 537 1086; x_wconf 80' lang='lat' dir='ltr'><strong>decoquas</strong></span> <span class='ocrx_word' id='word_1_64' title='bbox 566 1018 596 1068; x_wconf 91' lang='lat' dir='ltr'><strong>et</strong></span> <span class='ocrx_word' id='word_1_65' title='bbox 622 1010 654 1067; x_wconf 90' lang='lat' dir='ltr'><strong>in</strong></span> <span class='ocrx_word' id='word_1_66' title='bbox 681 1026 779 1086; x_wconf 92' lang='lat' dir='ltr'><strong>panno</strong></span> <span class='ocrx_word' id='word_1_67' title='bbox 807 1007 901 1068; x_wconf 93' lang='lat' dir='ltr'><strong>calido</strong></span> <span class='ocrx_word' id='word_1_68' title='bbox 929 1007 1112 1085; x_wconf 85' lang='lat' dir='ltr'><strong>praecordiis</strong></span> 
     </span>
     <span class='ocr_line' id='line_1_11' title="bbox 11 1095 676 1176; baseline 0 -20"><span class='ocrx_word' id='word_1_69' title='bbox 11 1121 12 1176; x_wconf 84' lang='lat' dir='ltr'>j</span> <span class='ocrx_word' id='word_1_70' title='bbox 58 1117 86 1157; x_wconf 77' lang='grc' dir='ltr'><strong>ιο</strong></span> <span class='ocrx_word' id='word_1_71' title='bbox 100 1099 219 1175; x_wconf 89' lang='lat' dir='ltr'><strong>saepius</strong></span> <span class='ocrx_word' id='word_1_72' title='bbox 243 1095 414 1176; x_wconf 91' lang='lat' dir='ltr'><strong>adplicabis,</strong></span> <span class='ocrx_word' id='word_1_73' title='bbox 438 1098 511 1156; x_wconf 91' lang='lat' dir='ltr'><strong>mire</strong></span> <span class='ocrx_word' id='word_1_74' title='bbox 534 1096 676 1175; x_wconf 87' lang='lat' dir='ltr'><strong>proderit.</strong></span> 
     </span>
     <span class='ocr_line' id='line_1_12' title="bbox 11 1183 1165 1246; baseline 0.001 -2"><span class='ocrx_word' id='word_1_75' title='bbox 11 1231 12 1244; x_wconf 73' lang='lat'><strong>.</strong></span> <span class='ocrx_word' id='word_1_76' title='bbox 188 1183 330 1245; x_wconf 82' lang='lat' dir='ltr'><strong>Coretum</strong></span> <span class='ocrx_word' id='word_1_77' title='bbox 353 1183 436 1244; x_wconf 90' lang='lat' dir='ltr'><strong>valde</strong></span> <span class='ocrx_word' id='word_1_78' title='bbox 460 1185 564 1245; x_wconf 85' lang='lat' dir='ltr'><strong>efficax</strong></span> <span class='ocrx_word' id='word_1_79' title='bbox 582 1184 618 1245; x_wconf 95' lang='lat' dir='ltr'><strong>ad</strong></span> <span class='ocrx_word' id='word_1_80' title='bbox 642 1184 740 1246; x_wconf 89' lang='lat' dir='ltr'><strong>cordis</strong></span> <span class='ocrx_word' id='word_1_81' title='bbox 764 1183 909 1245; x_wconf 87' lang='lat' dir='ltr'><strong>delerem:</strong></span> <span class='ocrx_word' id='word_1_82' title='bbox 932 1183 1165 1245; x_wconf 82' lang='lat' dir='ltr'><strong>Ceraeseli-1e</strong></span> 
     </span>
     <span class='ocr_line' id='line_1_13' title="bbox 11 1249 1112 1353; baseline -0.002 -19"><span class='ocrx_word' id='word_1_83' title='bbox 11 1249 13 1334; x_wconf 83' lang='lat' dir='ltr'><strong>l</strong></span> <span class='ocrx_word' id='word_1_84' title='bbox 99 1273 192 1353; x_wconf 94' lang='lat' dir='ltr'><strong>bram,</strong></span> <span class='ocrx_word' id='word_1_85' title='bbox 215 1271 273 1333; x_wconf 90' lang='lat' dir='ltr'><strong>olei</strong></span> <span class='ocrx_word' id='word_1_86' title='bbox 292 1274 408 1352; x_wconf 84' lang='lat' dir='ltr'><strong>cyprini</strong></span> <span class='ocrx_word' id='word_1_87' title='bbox 427 1272 574 1353; x_wconf 87' lang='lat' dir='ltr'><strong>selibram,</strong></span> <span class='ocrx_word' id='word_1_88' title='bbox 593 1273 722 1333; x_wconf 88' lang='lat' dir='ltr'><strong>absinthi</strong></span> <span class='ocrx_word' id='word_1_89' title='bbox 741 1271 856 1333; x_wconf 90' lang='lat' dir='ltr'><strong>Pontici</strong></span> <span class='ocrx_word' id='word_1_90' title='bbox 876 1271 1023 1332; x_wconf 88' lang='lat' dir='ltr'><strong>selibram.</strong></span> <span class='ocrx_word' id='word_1_91' title='bbox 1055 1273 1112 1333; x_wconf 80' lang='lat' dir='ltr'><strong>Ab·</strong></span> 
     </span>
     <span class='ocr_line' id='line_1_14' title="bbox 11 1360 1112 1442; baseline -0.001 -21"><span class='ocrx_word' id='word_1_92' title='bbox 11 1363 12 1368; x_wconf 75' lang='grc'>’</span> <span class='ocrx_word' id='word_1_93' title='bbox 99 1361 243 1422; x_wconf 89' lang='lat' dir='ltr'><strong>sinthium</strong></span> <span class='ocrx_word' id='word_1_94' title='bbox 270 1361 393 1442; x_wconf 89' lang='lat' dir='ltr'><strong>tundes,</strong></span> <span class='ocrx_word' id='word_1_95' title='bbox 423 1380 521 1422; x_wconf 86' lang='lat' dir='ltr'><strong>ceram</strong></span> <span class='ocrx_word' id='word_1_96' title='bbox 551 1364 685 1422; x_wconf 90' lang='lat' dir='ltr'><strong>remittes</strong></span> <span class='ocrx_word' id='word_1_97' title='bbox 713 1369 744 1421; x_wconf 91' lang='lat' dir='ltr'><strong>et</strong></span> <span class='ocrx_word' id='word_1_98' title='bbox 771 1360 965 1440; x_wconf 87' lang='lat' dir='ltr'><strong>permiscebis</strong></span> <span class='ocrx_word' id='word_1_99' title='bbox 993 1379 1027 1422; x_wconf 91' lang='lat' dir='ltr'><strong>ac</strong></span> <span class='ocrx_word' id='word_1_100' title='bbox 1057 1378 1112 1439; x_wconf 92' lang='lat' dir='ltr'><strong>pre</strong></span> 
     </span>
     <span class='ocr_line' id='line_1_15' title="bbox 100 1451 328 1510; baseline 0.004 -1"><span class='ocrx_word' id='word_1_101' title='bbox 100 1457 201 1510; x_wconf 87' lang='lat' dir='ltr'><strong>cereto</strong></span> <span class='ocrx_word' id='word_1_102' title='bbox 224 1451 328 1510; x_wconf 90' lang='lat' dir='ltr'><strong>uteris.</strong></span> 
     </span>
     <span class='ocr_line' id='line_1_16' title="bbox 58 1537 1165 1618; baseline 0.001 -21"><span class='ocrx_word' id='word_1_103' title='bbox 58 1559 85 1599; x_wconf 67' lang='grc' dir='ltr'><strong>ιε</strong></span> <span class='ocrx_word' id='word_1_104' title='bbox 189 1537 248 1608; x_wconf 84' lang='lat' dir='ltr'><strong>Qui</strong></span> <span class='ocrx_word' id='word_1_105' title='bbox 270 1537 515 1617; x_wconf 89' lang='lat' dir='ltr'><strong>praecordiorum</strong></span> <span class='ocrx_word' id='word_1_106' title='bbox 538 1538 643 1598; x_wconf 91' lang='lat' dir='ltr'><strong>ardere</strong></span> <span class='ocrx_word' id='word_1_107' title='bbox 666 1545 825 1618; x_wconf 85' lang='lat' dir='ltr'><strong>vexantur,</strong></span> <span class='ocrx_word' id='word_1_108' title='bbox 853 1540 880 1597; x_wconf 92' lang='lat' dir='ltr'><strong>si</strong></span> <span class='ocrx_word' id='word_1_109' title='bbox 902 1539 990 1597; x_wconf 91' lang='lat' dir='ltr'><strong>etiam</strong></span> <span class='ocrx_word' id='word_1_110' title='bbox 1013 1537 1112 1597; x_wconf 81' lang='lat' dir='ltr'><strong>febres</strong></span> <span class='ocrx_word' id='word_1_111' title='bbox 1133 1550 1165 1598; x_wconf 84' lang='lat'><strong>11</strong></span> 
     </span>
     <span class='ocr_line' id='line_1_17' title="bbox 99 1614 1113 1706; baseline 0 -20"><span class='ocrx_word' id='word_1_112' title='bbox 99 1635 130 1686; x_wconf 91' lang='lat' dir='ltr'><strong>et</strong></span> <span class='ocrx_word' id='word_1_113' title='bbox 147 1625 310 1686; x_wconf 88' lang='lat' dir='ltr'><strong>lumbricos</strong></span> <span class='ocrx_word' id='word_1_114' title='bbox 328 1626 464 1706; x_wconf 89' lang='lat' dir='ltr'><strong>babeant,</strong></span> <span class='ocrx_word' id='word_1_115' title='bbox 482 1626 539 1686; x_wconf 93' lang='lat' dir='ltr'><strong>hoc</strong></span> <span class='ocrx_word' id='word_1_116' title='bbox 559 1614 691 1688; x_wconf 79' lang='lat' dir='ltr'><strong>remedid</strong></span> <span class='ocrx_word' id='word_1_117' title='bbox 710 1627 907 1687; x_wconf 89' lang='lat' dir='ltr'><strong>sanabuntur:</strong></span> <span class='ocrx_word' id='word_1_118' title='bbox 931 1625 1025 1686; x_wconf 86' lang='lat' dir='ltr'><strong>Ovum</strong></span> <span class='ocrx_word' id='word_1_119' title='bbox 1046 1644 1113 1686; x_wconf 93' lang='lat' dir='ltr'><strong>cru·</strong></span> 
     </span>
     <span class='ocr_line' id='line_1_18' title="bbox 99 1713 1113 1794; baseline 0 -20"><span class='ocrx_word' id='word_1_120' title='bbox 99 1715 169 1775; x_wconf 92' lang='lat' dir='ltr'><strong>dum</strong></span> <span class='ocrx_word' id='word_1_121' title='bbox 190 1717 346 1775; x_wconf 89' lang='lat' dir='ltr'><strong>summitcr</strong></span> <span class='ocrx_word' id='word_1_122' title='bbox 364 1723 500 1793; x_wconf 90' lang='lat' dir='ltr'><strong>apertum</strong></span> <span class='ocrx_word' id='word_1_123' title='bbox 520 1717 671 1775; x_wconf 83' lang='lat' dir='ltr'><strong>exinanies</strong></span> <span class='ocrx_word' id='word_1_124' title='bbox 689 1715 779 1794; x_wconf 92' lang='lat' dir='ltr'><strong>idque</strong></span> <span class='ocrx_word' id='word_1_125' title='bbox 794 1714 930 1794; x_wconf 91' lang='lat' dir='ltr'><strong>implebis</strong></span> <span class='ocrx_word' id='word_1_126' title='bbox 945 1713 1010 1774; x_wconf 95' lang='lat' dir='ltr'><strong>oleo</strong></span> <span class='ocrx_word' id='word_1_127' title='bbox 1025 1714 1113 1774; x_wconf 85' lang='lat' dir='ltr'><strong>viridi</strong></span> 
     </span>
     <span class='ocr_line' id='line_1_19' title="bbox 100 1802 1113 1883; baseline 0 -21"><span class='ocrx_word' id='word_1_128' title='bbox 100 1811 130 1863; x_wconf 91' lang='lat' dir='ltr'><strong>et</strong></span> <span class='ocrx_word' id='word_1_129' title='bbox 158 1802 303 1863; x_wconf 81' lang='lat' dir='ltr'><strong>defundes</strong></span> <span class='ocrx_word' id='word_1_130' title='bbox 332 1810 363 1862; x_wconf 90' lang='lat' dir='ltr'><strong>et</strong></span> <span class='ocrx_word' id='word_1_131' title='bbox 390 1803 462 1863; x_wconf 93' lang='lat' dir='ltr'><strong>lotio</strong></span> <span class='ocrx_word' id='word_1_132' title='bbox 486 1805 607 1883; x_wconf 80' lang='lat' dir='ltr'><strong>virginis</strong></span> <span class='ocrx_word' id='word_1_133' title='bbox 636 1807 723 1882; x_wconf 90' lang='lat' dir='ltr'><strong>pueri</strong></span> <span class='ocrx_word' id='word_1_134' title='bbox 745 1803 883 1882; x_wconf 89' lang='lat' dir='ltr'><strong>implebis</strong></span> <span class='ocrx_word' id='word_1_135' title='bbox 906 1810 937 1862; x_wconf 89' lang='lat' dir='ltr'><strong>et</strong></span> <span class='ocrx_word' id='word_1_136' title='bbox 960 1802 1113 1883; x_wconf 81' lang='lat' dir='ltr'><strong>defundes,</strong></span> 
     </span>
     <span class='ocr_line' id='line_1_20' title="bbox 77 1891 1113 1970; baseline 0.001 -19"><span class='ocrx_word' id='word_1_137' title='bbox 77 1899 164 1951; x_wconf 50' lang='lat' dir='ltr'><strong>&#39;tum</strong></span> <span class='ocrx_word' id='word_1_138' title='bbox 187 1891 298 1952; x_wconf 88' lang='lat' dir='ltr'><strong>adicies</strong></span> <span class='ocrx_word' id='word_1_139' title='bbox 321 1910 426 1970; x_wconf 90' lang='lat' dir='ltr'><strong>parum</strong></span> <span class='ocrx_word' id='word_1_140' title='bbox 450 1891 546 1952; x_wconf 91' lang='lat' dir='ltr'><strong>mellis</strong></span> <span class='ocrx_word' id='word_1_141' title='bbox 569 1901 599 1953; x_wconf 92' lang='lat' dir='ltr'><strong>et</strong></span> <span class='ocrx_word' id='word_1_142' title='bbox 621 1895 652 1952; x_wconf 89' lang='lat' dir='ltr'><strong>in</strong></span> <span class='ocrx_word' id='word_1_143' title='bbox 676 1911 768 1953; x_wconf 89' lang='lat' dir='ltr'><strong>unum</strong></span> <span class='ocrx_word' id='word_1_144' title='bbox 791 1911 859 1952; x_wconf 90' lang='lat' dir='ltr'><strong>cum</strong></span> <span class='ocrx_word' id='word_1_145' title='bbox 882 1893 930 1951; x_wconf 85' lang='lat' dir='ltr'><strong>evi</strong></span> <span class='ocrx_word' id='word_1_146' title='bbox 951 1893 1046 1970; x_wconf 90' lang='lat' dir='ltr'><strong>ipsius</strong></span> <span class='ocrx_word' id='word_1_147' title='bbox 1069 1893 1113 1952; x_wconf 91' lang='lat' dir='ltr'><strong>in·</strong></span> 
     </span>
     <span class='ocr_line' id='line_1_21' title="bbox 58 1978 1114 2060; baseline 0.004 -25"><span class='ocrx_word' id='word_1_148' title='bbox 58 1997 85 2036; x_wconf 79' lang='lat' dir='ltr'><strong>ae</strong></span> <span class='ocrx_word' id='word_1_149' title='bbox 99 1978 262 2040; x_wconf 89' lang='lat' dir='ltr'><strong>terioribus</strong></span> <span class='ocrx_word' id='word_1_150' title='bbox 285 1980 480 2059; x_wconf 91' lang='lat' dir='ltr'><strong>permiscebis</strong></span> <span class='ocrx_word' id='word_1_151' title='bbox 504 1991 535 2041; x_wconf 91' lang='lat' dir='ltr'><strong>et</strong></span> <span class='ocrx_word' id='word_1_152' title='bbox 556 1981 720 2060; x_wconf 91' lang='lat' dir='ltr'><strong>potandum</strong></span> <span class='ocrx_word' id='word_1_153' title='bbox 743 1983 843 2042; x_wconf 89' lang='lat' dir='ltr'><strong>ieiune</strong></span> <span class='ocrx_word' id='word_1_154' title='bbox 868 1980 959 2040; x_wconf 93' lang='lat' dir='ltr'><strong>dabis.</strong></span> <span class='ocrx_word' id='word_1_155' title='bbox 997 1979 1060 2040; x_wconf 89' lang='lat' dir='ltr'><strong>lloe</strong></span> <span class='ocrx_word' id='word_1_156' title='bbox 1084 1988 1114 2040; x_wconf 90' lang='lat' dir='ltr'><strong>ct</strong></span> 
     </span>
     <span class='ocr_line' id='line_1_22' title="bbox 99 2068 1113 2147; baseline -0.002 -18"><span class='ocrx_word' id='word_1_157' title='bbox 99 2075 218 2130; x_wconf 89' lang='lat' dir='ltr'><strong>stercus</strong></span> <span class='ocrx_word' id='word_1_158' title='bbox 241 2071 476 2130; x_wconf 89' lang='lat' dir='ltr'><strong>vetustissimum</strong></span> <span class='ocrx_word' id='word_1_159' title='bbox 495 2077 525 2130; x_wconf 90' lang='lat' dir='ltr'><strong>et</strong></span> <span class='ocrx_word' id='word_1_160' title='bbox 543 2069 705 2130; x_wconf 91' lang='lat' dir='ltr'><strong>lumbricos</strong></span> <span class='ocrx_word' id='word_1_161' title='bbox 724 2071 829 2130; x_wconf 84' lang='lat' dir='ltr'><strong>noxios</strong></span> <span class='ocrx_word' id='word_1_162' title='bbox 847 2068 931 2147; x_wconf 91' lang='lat' dir='ltr'><strong>pellit</strong></span> <span class='ocrx_word' id='word_1_163' title='bbox 949 2076 980 2128; x_wconf 91' lang='lat' dir='ltr'><strong>et</strong></span> <span class='ocrx_word' id='word_1_164' title='bbox 998 2068 1113 2128; x_wconf 88' lang='lat' dir='ltr'><strong>febrem</strong></span> 
     </span>
     <span class='ocr_line' id='line_1_23' title="bbox 99 2157 444 2218; baseline 0 0"><span class='ocrx_word' id='word_1_165' title='bbox 99 2159 302 2218; x_wconf 87' lang='lat' dir='ltr'><strong>acutissimam</strong></span> <span class='ocrx_word' id='word_1_166' title='bbox 325 2157 444 2218; x_wconf 89' lang='lat' dir='ltr'><strong>relevat.</strong></span> 
     </span>
     <span class='ocr_line' id='line_1_24' title="bbox 188 2243 1165 2324; baseline -0.001 -19"><span class='ocrx_word' id='word_1_167' title='bbox 188 2245 277 2306; x_wconf 88' lang='lat' dir='ltr'><strong>Bulbi</strong></span> <span class='ocrx_word' id='word_1_168' title='bbox 304 2248 420 2321; x_wconf 85' lang='lat' dir='ltr'><strong>excocti</strong></span> <span class='ocrx_word' id='word_1_169' title='bbox 448 2248 512 2307; x_wconf 91' lang='lat' dir='ltr'><strong>triti</strong></span> <span class='ocrx_word' id='word_1_170' title='bbox 538 2246 616 2306; x_wconf 93' lang='lat' dir='ltr'><strong>inliti</strong></span> <span class='ocrx_word' id='word_1_171' title='bbox 641 2255 789 2308; x_wconf 90' lang='lat' dir='ltr'><strong>tumorem</strong></span> <span class='ocrx_word' id='word_1_172' title='bbox 812 2243 1055 2324; x_wconf 86' lang='lat' dir='ltr'><strong>praecordiorum</strong></span> <span class='ocrx_word' id='word_1_173' title='bbox 1083 2252 1165 2305; x_wconf 82' lang='lat' dir='ltr'><strong>et1a</strong></span> 
     </span>
     <span class='ocr_line' id='line_1_25' title="bbox 12 2333 1112 2414; baseline -0.001 -21"><span class='ocrx_word' id='word_1_174' title='bbox 12 2377 14 2414; x_wconf 58' lang='grc'>,</span> <span class='ocrx_word' id='word_1_175' title='bbox 98 2336 213 2393; x_wconf 91' lang='lat' dir='ltr'><strong>ventris</strong></span> <span class='ocrx_word' id='word_1_176' title='bbox 236 2333 399 2394; x_wconf 91' lang='lat' dir='ltr'><strong>emolliunt.</strong></span> <span class='ocrx_word' id='word_1_177' title='bbox 433 2335 507 2396; x_wconf 91' lang='lat' dir='ltr'><strong>ltem</strong></span> <span class='ocrx_word' id='word_1_178' title='bbox 527 2335 674 2414; x_wconf 88' lang='lat' dir='ltr'><strong>proficies,</strong></span> <span class='ocrx_word' id='word_1_179' title='bbox 698 2337 723 2395; x_wconf 92' lang='lat' dir='ltr'><strong>si</strong></span> <span class='ocrx_word' id='word_1_180' title='bbox 742 2337 870 2395; x_wconf 92' lang='lat' dir='ltr'><strong>ocimum</strong></span> <span class='ocrx_word' id='word_1_181' title='bbox 890 2335 1009 2394; x_wconf 86' lang='lat' dir='ltr'><strong>triveris</strong></span> <span class='ocrx_word' id='word_1_182' title='bbox 1029 2341 1059 2393; x_wconf 90' lang='lat' dir='ltr'><strong>et</strong></span> <span class='ocrx_word' id='word_1_183' title='bbox 1077 2351 1112 2392; x_wconf 88' lang='lat' dir='ltr'><strong>ee</strong></span> 
     </span>
     <span class='ocr_line' id='line_1_26' title="bbox 13 2422 1166 2514; baseline 0.003 -35"><span class='ocrx_word' id='word_1_184' title='bbox 13 2423 14 2514; x_wconf 51' lang='lat' dir='ltr'>j</span> <span class='ocrx_word' id='word_1_185' title='bbox 58 2439 84 2480; x_wconf 79' lang='lat' dir='ltr'><strong>as</strong></span> <span class='ocrx_word' id='word_1_186' title='bbox 99 2422 274 2501; x_wconf 90' lang='lat' dir='ltr'><strong>praecordia</strong></span> <span class='ocrx_word' id='word_1_187' title='bbox 306 2425 431 2500; x_wconf 90' lang='lat' dir='ltr'><strong>spissius</strong></span> <span class='ocrx_word' id='word_1_188' title='bbox 464 2423 612 2483; x_wconf 85' lang='lat' dir='ltr'><strong>inleveris.</strong></span> <span class='ocrx_word' id='word_1_189' title='bbox 658 2422 792 2484; x_wconf 73' lang='lat' dir='ltr'><strong>feniculi</strong></span> <span class='ocrx_word' id='word_1_190' title='bbox 824 2423 917 2483; x_wconf 90' lang='lat' dir='ltr'><strong>farina</strong></span> <span class='ocrx_word' id='word_1_191' title='bbox 947 2440 1016 2482; x_wconf 94' lang='lat' dir='ltr'><strong>cum</strong></span> <span class='ocrx_word' id='word_1_192' title='bbox 1047 2424 1114 2501; x_wconf 92' lang='lat' dir='ltr'><strong>pari</strong></span> <span class='ocrx_word' id='word_1_193' title='bbox 1134 2435 1166 2483; x_wconf 79' lang='lat'><strong>13</strong></span> 
     </span>
     <span class='ocr_line' id='line_1_27' title="bbox 13 2510 1113 2590; baseline 0.004 -24"><span class='ocrx_word' id='word_1_194' title='bbox 13 2553 14 2566; x_wconf 73' lang='lat'><strong>.</strong></span> <span class='ocrx_word' id='word_1_195' title='bbox 99 2529 242 2571; x_wconf 92' lang='lat' dir='ltr'><strong>mensura</strong></span> <span class='ocrx_word' id='word_1_196' title='bbox 260 2510 356 2570; x_wconf 89' lang='lat' dir='ltr'><strong>mellis</strong></span> <span class='ocrx_word' id='word_1_197' title='bbox 376 2511 497 2571; x_wconf 87' lang='lat' dir='ltr'><strong>decocta</strong></span> <span class='ocrx_word' id='word_1_198' title='bbox 517 2515 611 2572; x_wconf 90' lang='lat' dir='ltr'><strong>ceroti</strong></span> <span class='ocrx_word' id='word_1_199' title='bbox 630 2512 717 2572; x_wconf 91' lang='lat' dir='ltr'><strong>medo</strong></span> <span class='ocrx_word' id='word_1_200' title='bbox 741 2529 838 2590; x_wconf 92' lang='lat' dir='ltr'><strong>panno</strong></span> <span class='ocrx_word' id='word_1_201' title='bbox 861 2511 999 2572; x_wconf 90' lang='lat' dir='ltr'><strong>inlinitur</strong></span> <span class='ocrx_word' id='word_1_202' title='bbox 1018 2519 1048 2571; x_wconf 91' lang='lat' dir='ltr'><strong>et</strong></span> <span class='ocrx_word' id='word_1_203' title='bbox 1066 2529 1113 2571; x_wconf 91' lang='lat' dir='ltr'><strong>ca-</strong></span> 
     </span>
     <span class='ocr_line' id='line_1_28' title="bbox 13 2591 760 2678; baseline 0.003 -20"><span class='ocrx_word' id='word_1_204' title='bbox 13 2591 14 2616; x_wconf 48' lang='lat' dir='ltr'><strong>l</strong></span> <span class='ocrx_word' id='word_1_205' title='bbox 99 2599 166 2659; x_wconf 93' lang='lat' dir='ltr'><strong>lens</strong></span> <span class='ocrx_word' id='word_1_206' title='bbox 190 2601 300 2659; x_wconf 88' lang='lat' dir='ltr'><strong>tumori</strong></span> <span class='ocrx_word' id='word_1_207' title='bbox 322 2600 565 2678; x_wconf 89' lang='lat' dir='ltr'><strong>praecordiorum</strong></span> <span class='ocrx_word' id='word_1_208' title='bbox 589 2601 760 2678; x_wconf 92' lang='lat' dir='ltr'><strong>imponitur.</strong></span> 
     </span>
     <span class='ocr_line' id='line_1_29' title="bbox 189 2687 1167 2766; baseline 0 -19"><span class='ocrx_word' id='word_1_209' title='bbox 189 2687 330 2766; x_wconf 81' lang='lat' dir='ltr'><strong>Malagma</strong></span> <span class='ocrx_word' id='word_1_210' title='bbox 359 2688 395 2749; x_wconf 91' lang='lat' dir='ltr'><strong>ad</strong></span> <span class='ocrx_word' id='word_1_211' title='bbox 422 2688 667 2766; x_wconf 89' lang='lat' dir='ltr'><strong>praecordiorum</strong></span> <span class='ocrx_word' id='word_1_212' title='bbox 693 2690 860 2749; x_wconf 90' lang='lat' dir='ltr'><strong>tensionem</strong></span> <span class='ocrx_word' id='word_1_213' title='bbox 888 2696 919 2748; x_wconf 92' lang='lat' dir='ltr'><strong>et</strong></span> <span class='ocrx_word' id='word_1_214' title='bbox 944 2689 1056 2748; x_wconf 86' lang='lat' dir='ltr'><strong>ventris</strong></span> <span class='ocrx_word' id='word_1_215' title='bbox 1079 2706 1113 2747; x_wconf 91' lang='lat' dir='ltr'><strong>ao</strong></span> <span class='ocrx_word' id='word_1_216' title='bbox 1134 2699 1167 2747; x_wconf 86' lang='lat'><strong>14</strong></span> 
     </span>
     <span class='ocr_line' id='line_1_30' title="bbox 100 2777 1114 2856; baseline -0.001 -20"><span class='ocrx_word' id='word_1_217' title='bbox 100 2777 254 2836; x_wconf 91' lang='lat' dir='ltr'><strong>stomachi.</strong></span> <span class='ocrx_word' id='word_1_218' title='bbox 277 2777 418 2837; x_wconf 90' lang='lat' dir='ltr'><strong>duritiem</strong></span> <span class='ocrx_word' id='word_1_219' title='bbox 446 2777 590 2837; x_wconf 90' lang='lat' dir='ltr'><strong>diutinam</strong></span> <span class='ocrx_word' id='word_1_220' title='bbox 619 2795 687 2838; x_wconf 90' lang='lat' dir='ltr'><strong>cnm</strong></span> <span class='ocrx_word' id='word_1_221' title='bbox 715 2777 829 2856; x_wconf 89' lang='lat' dir='ltr'><strong>dolere,</strong></span> <span class='ocrx_word' id='word_1_222' title='bbox 858 2777 937 2854; x_wconf 85' lang='lat' dir='ltr'><strong>qued</strong></span> <span class='ocrx_word' id='word_1_223' title='bbox 966 2784 996 2836; x_wconf 91' lang='lat' dir='ltr'><strong>et</strong></span> <span class='ocrx_word' id='word_1_224' title='bbox 1022 2777 1114 2836; x_wconf 91' lang='lat' dir='ltr'><strong>iecori</strong></span> 
     </span>
     <span class='ocr_line' id='line_1_31' title="bbox 14 2863 1114 2946; baseline 0.003 -26"><span class='ocrx_word' id='word_1_225' title='bbox 14 2905 15 2916; x_wconf 65' lang='lat'><strong>.</strong></span> <span class='ocrx_word' id='word_1_226' title='bbox 57 2881 85 2921; x_wconf 81' lang='lat' dir='ltr'><strong>ee</strong></span> <span class='ocrx_word' id='word_1_227' title='bbox 100 2872 132 2925; x_wconf 89' lang='lat' dir='ltr'><strong>et</strong></span> <span class='ocrx_word' id='word_1_228' title='bbox 155 2863 228 2924; x_wconf 87' lang='lat' dir='ltr'><strong>lieni</strong></span> <span class='ocrx_word' id='word_1_229' title='bbox 251 2865 381 2946; x_wconf 87' lang='lat' dir='ltr'><strong>prodest,</strong></span> <span class='ocrx_word' id='word_1_230' title='bbox 405 2865 562 2926; x_wconf 87' lang='lat' dir='ltr'><strong>conficitur</strong></span> <span class='ocrx_word' id='word_1_231' title='bbox 585 2867 641 2926; x_wconf 90' lang='lat' dir='ltr'><strong>sic:</strong></span> <span class='ocrx_word' id='word_1_232' title='bbox 670 2865 760 2926; x_wconf 87' lang='lat' dir='ltr'><strong>Cerae</strong></span> <span class='ocrx_word' id='word_1_233' title='bbox 784 2865 815 2925; x_wconf 91' lang='lat' dir='ltr'><strong>P.</strong></span> <span class='ocrx_word' id='word_1_234' title='bbox 834 2864 856 2944; x_wconf 99' lang='grc' dir='ltr'><strong>Ι,</strong></span> <span class='ocrx_word' id='word_1_235' title='bbox 882 2875 982 2943; x_wconf 84' lang='lat' dir='ltr'><strong>guttae</strong></span> <span class='ocrx_word' id='word_1_236' title='bbox 1006 2883 1114 2925; x_wconf 91' lang='lat' dir='ltr'><strong>ammo·</strong></span> 
     </span>
     <span class='ocr_line' id='line_1_32' title="bbox 100 2952 1115 3034; baseline 0 -21"><span class='ocrx_word' id='word_1_237' title='bbox 100 2955 181 3013; x_wconf 91' lang='lat' dir='ltr'><strong>niaei</strong></span> <span class='ocrx_word' id='word_1_238' title='bbox 203 2952 234 3014; x_wconf 91' lang='lat' dir='ltr'><strong>P.</strong></span> <span class='ocrx_word' id='word_1_239' title='bbox 254 2952 279 3034; x_wconf 96' lang='grc' dir='ltr'><strong>Ι,</strong></span> <span class='ocrx_word' id='word_1_240' title='bbox 303 2955 357 3013; x_wconf 93' lang='lat' dir='ltr'><strong>iris</strong></span> <span class='ocrx_word' id='word_1_241' title='bbox 380 2952 512 3032; x_wconf 81' lang='lat' dir='ltr'><strong>illyricae</strong></span> <span class='ocrx_word' id='word_1_242' title='bbox 536 2953 676 3034; x_wconf 79' lang='lat' dir='ltr'>XXXII,</span> <span class='ocrx_word' id='word_1_243' title='bbox 702 2956 880 3032; x_wconf 92' lang='lat' dir='ltr'><strong>opopanacis</strong></span> <span class='ocrx_word' id='word_1_244' title='bbox 903 2953 1010 3033; x_wconf 80' lang='lat' dir='ltr'>XXX,</span> <span class='ocrx_word' id='word_1_245' title='bbox 1033 2955 1115 3013; x_wconf 92' lang='lat' dir='ltr'><strong>anesi</strong></span> 
     </span>
     <span class='ocr_line' id='line_1_33' title="bbox 100 3040 1115 3123; baseline 0.002 -23"><span class='ocrx_word' id='word_1_246' title='bbox 100 3041 127 3100; x_wconf 81' lang='lat' dir='ltr'>X</span> <span class='ocrx_word' id='word_1_247' title='bbox 147 3040 235 3120; x_wconf 85' lang='lat' dir='ltr'>XXV,</span> <span class='ocrx_word' id='word_1_248' title='bbox 258 3041 443 3120; x_wconf 86' lang='lat' dir='ltr'><strong>faenograeei</strong></span> <span class='ocrx_word' id='word_1_249' title='bbox 463 3044 585 3102; x_wconf 89' lang='lat' dir='ltr'><strong>seminis</strong></span> <span class='ocrx_word' id='word_1_250' title='bbox 603 3042 629 3101; x_wconf 84' lang='lat' dir='ltr'><strong>ll</strong></span> <span class='ocrx_word' id='word_1_251' title='bbox 649 3041 735 3123; x_wconf 86' lang='lat' dir='ltr'>XXV,</span> <span class='ocrx_word' id='word_1_252' title='bbox 758 3044 874 3102; x_wconf 90' lang='lat' dir='ltr'><strong>resinae</strong></span> <span class='ocrx_word' id='word_1_253' title='bbox 897 3042 1115 3102; x_wconf 90' lang='lat' dir='ltr'><strong>terebinthinae</strong></span> 
     </span>
    </p>
   </div>
   <div class='ocr_carea' id='block_1_3' title="bbox 98 3128 1115 3297">
    <p class='ocr_par' dir='ltr' id='par_1_3' title="bbox 98 3128 1115 3297">
     <span class='ocr_line' id='line_1_34' title="bbox 98 3128 1114 3210; baseline 0 -20"><span class='ocrx_word' id='word_1_254' title='bbox 98 3129 133 3190; x_wconf 92' lang='lat' dir='ltr'><strong>P.</strong></span> <span class='ocrx_word' id='word_1_255' title='bbox 152 3129 189 3210; x_wconf 93' lang='lat' dir='ltr'><strong>L,</strong></span> <span class='ocrx_word' id='word_1_256' title='bbox 218 3130 313 3210; x_wconf 87' lang='lat' dir='ltr'><strong>adipis</strong></span> <span class='ocrx_word' id='word_1_257' title='bbox 341 3131 443 3192; x_wconf 92' lang='lat' dir='ltr'><strong>suillae</strong></span> <span class='ocrx_word' id='word_1_258' title='bbox 472 3133 581 3190; x_wconf 88' lang='lat' dir='ltr'><strong>veteris</strong></span> <span class='ocrx_word' id='word_1_259' title='bbox 604 3131 635 3191; x_wconf 89' lang='lat' dir='ltr'><strong>P.</strong></span> <span class='ocrx_word' id='word_1_260' title='bbox 656 3131 691 3210; x_wconf 87' lang='lat' dir='ltr'><strong>L,</strong></span> <span class='ocrx_word' id='word_1_261' title='bbox 721 3133 797 3191; x_wconf 90' lang='lat' dir='ltr'><strong>aceti</strong></span> <span class='ocrx_word' id='word_1_262' title='bbox 820 3132 897 3190; x_wconf 91' lang='lat' dir='ltr'><strong>acris</strong></span> <span class='ocrx_word' id='word_1_263' title='bbox 916 3128 948 3190; x_wconf 64' lang='lat' dir='ltr'><strong>fr</strong></span> <span class='ocrx_word' id='word_1_264' title='bbox 967 3130 993 3209; x_wconf 92' lang='grc' dir='ltr'><strong>Ι,</strong></span> <span class='ocrx_word' id='word_1_265' title='bbox 1019 3130 1114 3190; x_wconf 90' lang='lat' dir='ltr'><strong>mellis</strong></span> 
     </span>
     <span class='ocr_line' id='line_1_35' title="bbox 98 3217 1115 3297; baseline -0.001 -20"><span class='ocrx_word' id='word_1_266' title='bbox 98 3217 131 3278; x_wconf 93' lang='lat' dir='ltr'><strong>P.</strong></span> <span class='ocrx_word' id='word_1_267' title='bbox 151 3217 187 3278; x_wconf 91' lang='grc' dir='ltr'><strong>ΙΙ.</strong></span> <span class='ocrx_word' id='word_1_268' title='bbox 226 3218 283 3278; x_wconf 90' lang='lat' dir='ltr'><strong>Mel</strong></span> <span class='ocrx_word' id='word_1_269' title='bbox 307 3237 374 3279; x_wconf 92' lang='lat' dir='ltr'><strong>cum</strong></span> <span class='ocrx_word' id='word_1_270' title='bbox 399 3227 482 3280; x_wconf 89' lang='lat' dir='ltr'><strong>aceto</strong></span> <span class='ocrx_word' id='word_1_271' title='bbox 506 3219 746 3297; x_wconf 90' lang='lat' dir='ltr'><strong>permiscendnm</strong></span> <span class='ocrx_word' id='word_1_272' title='bbox 769 3225 926 3296; x_wconf 82' lang='lat' dir='ltr'><strong>astatque</strong></span> <span class='ocrx_word' id='word_1_273' title='bbox 949 3217 1010 3277; x_wconf 93' lang='lat' dir='ltr'><strong>illie</strong></span> <span class='ocrx_word' id='word_1_274' title='bbox 1033 3218 1115 3277; x_wconf 90' lang='lat' dir='ltr'><strong>arida</strong></span> 
     </span>
    </p>
   </div>
   <div class='ocr_carea' id='block_1_4' title="bbox 191 3421 1114 3479">
    <p class='ocr_par' dir='ltr' id='par_1_4' title="bbox 191 3421 1114 3479">
     <span class='ocr_line' id='line_1_36' title="bbox 191 3421 1114 3479; baseline -0.002 -1"><span class='ocrx_word' id='word_1_275' title='bbox 191 3429 207 3478; x_wconf 77' lang='lat'>2</span> <span class='ocrx_word' id='word_1_276' title='bbox 236 3424 417 3479; x_wconf 84' lang='lat' dir='ltr'><strong>transmissus</strong></span> <span class='ocrx_word' id='word_1_277' title='bbox 445 3425 496 3479; x_wconf 79' lang='lat' dir='ltr'><strong>est.</strong></span> <span class='ocrx_word' id='word_1_278' title='bbox 604 3430 622 3477; x_wconf 87' lang='lat'>4</span> <span class='ocrx_word' id='word_1_279' title='bbox 647 3421 819 3476; x_wconf 81' lang='lat' dir='ltr'><strong>filacterium.</strong></span> <span class='ocrx_word' id='word_1_280' title='bbox 928 3427 945 3476; x_wconf 85' lang='lat'>8</span> <span class='ocrx_word' id='word_1_281' title='bbox 972 3421 1114 3476; x_wconf 88' lang='lat' dir='ltr'><strong>faeniculi.</strong></span> 
     </span>
    </p>
   </div>
   <div class='ocr_carea' id='block_1_5' title="bbox 99 3492 1083 3601">
    <p class='ocr_par' dir='ltr' id='par_1_5' title="bbox 99 3492 1083 3601">
     <span class='ocr_line' id='line_1_37' title="bbox 99 3492 1083 3601; baseline -0.004 -53"><span class='ocrx_word' id='word_1_282' title='bbox 99 3500 134 3550; x_wconf 80' lang='lat'><strong>33</strong></span> <span class='ocrx_word' id='word_1_283' title='bbox 155 3494 185 3551; x_wconf 93' lang='lat' dir='ltr'><strong>P.</strong></span> <span class='ocrx_word' id='word_1_284' title='bbox 200 3493 235 3566; x_wconf 82' lang='lat' dir='ltr'><strong>L]</strong></span> <span class='ocrx_word' id='word_1_285' title='bbox 254 3513 281 3564; x_wconf 94' lang='lat' dir='ltr'><strong>p.</strong></span> <span class='ocrx_word' id='word_1_286' title='bbox 300 3493 362 3548; x_wconf 71' lang='lat' dir='ltr'><strong>XL</strong></span> <span class='ocrx_word' id='word_1_287' title='bbox 383 3494 507 3549; x_wconf 76' lang='lat' dir='ltr'><strong>Scribere.</strong></span> <span class='ocrx_word' id='word_1_288' title='bbox 581 3500 616 3548; x_wconf 84' lang='lat'><strong>34</strong></span> <span class='ocrx_word' id='word_1_289' title='bbox 634 3492 703 3563; x_wconf 88' lang='lat' dir='ltr'><strong>mel]</strong></span> <span class='ocrx_word' id='word_1_290' title='bbox 722 3492 813 3546; x_wconf 89' lang='lat' dir='ltr'><strong>melle.</strong></span> <span class='ocrx_word' id='word_1_291' title='bbox 1073 3559 1083 3601; x_wconf 38' lang='lat' dir='ltr'>x</span> 
     </span>
    </p>
   </div>
   <div class='ocr_carea' id='block_1_6' title="bbox 0 0 1274 3802">
    <p class='ocr_par' dir='ltr' id='par_1_6' title="bbox 0 0 1274 3802">
     <span class='ocr_line' id='line_1_38' title="bbox 0 0 1274 3802; baseline 0 4"><span class='ocrx_word' id='word_1_292' title='bbox 0 0 1274 3802; x_wconf 95' lang='lat' dir='ltr'><strong> </strong></span> 
     </span>
    </p>
   </div>
  </div>
 </body>
</html>
