2564 3794
468 141 711 206 -153-

85 305 183 365 omnia
215 303 288 363 haec
321 302 547 382 diligentissime
580 305 650 365 trita
682 311 712 364 et
743 302 829 364 melle
862 303 985 366 collecta
1017 302 1096 364 labo-

83 395 164 454 ranti
186 391 338 453 dabuntur
361 410 500 454 mensura
524 411 558 454 ac
581 394 696 453 ratione
719 394 768 474 ita,
794 400 828 452 ut
850 400 935 453 terna
958 393 1096 454 cocliaria

82 483 203 543 ieiunus
226 481 361 560 accipiat.

501 673 580 736 GAP.
605 673 679 736 llVl.

82 787 139 843 Ad
161 799 278 843 omnes
300 787 474 843 molestias
496 787 600 843 tussis
623 790 659 843 et
680 787 812 844 subitae
833 790 869 843 et
887 787 1037 844 dluhnse
1056 800 1097 844 ao

83 878 240 932 vetustae
254 878 290 930 et
302 875 410 932 siccae
428 878 532 945 atque
549 875 687 931 umidae
702 879 737 932 et
750 877 794 932 ad
812 875 974 946 pthisicos
992 878 1096 946 atque

84 978 143 1022 eos
166 963 226 1034 qui
248 965 553 1034 sanguinolentum
576 967 611 1019 et
633 964 857 1034 purulentum
878 967 1040 1021 excreant
1061 968 1097 1020 et

83 1054 128 1108 ad
160 1053 331 1121 empyioos
362 1053 419 1108 vel
449 1053 705 1122 pleumoniacos
741 1056 844 1124 atque
880 1067 938 1108 eos
970 1053 1096 1122 qulbus

83 1154 166 1198 casu
189 1141 415 1210 sanguisugae
438 1141 528 1197 intra
555 1142 770 1198 stomachum
794 1141 997 1212 inrepserint
1018 1155 1096 1199 nec·

82 1243 153 1286 non
176 1232 212 1285 et
234 1230 278 1284 ad
300 1229 467 1287 stomachi
490 1230 671 1286 stridorem
698 1233 734 1285 et
755 1244 799 1286 ne
821 1231 934 1286 media
957 1229 1097 1286 doleant

213 1318 365 1374 remedie
386 1319 526 1388 physica
549 1322 584 1374 et
605 1319 818 1375 rationabilia
840 1319 974 1375 diversa

432 1409 475 1462 de
499 1407 748 1478 experimentis.

171 1542 310 1605 Pastillus
333 1542 369 1603 ad
393 1551 507 1605 tussem
530 1551 561 1604 et
584 1543 812 1605 destillationem
831 1546 961 1622 pectoris
983 1551 1013 1604 et
1031 1544 1129 1622 pul-1

41 1647 56 1688 s
84 1632 181 1692 monis
208 1641 239 1692 et
266 1632 302 1692 ad
331 1631 489 1710 epiphoras
517 1631 671 1692 oculorum
699 1639 730 1692 et
759 1634 874 1692 vesicae
902 1631 1035 1692 dolorem
1065 1640 1096 1691 et

84 1719 193 1799 quibus
221 1719 312 1781 tubus
342 1721 545 1799 strangulatur
573 1722 692 1798 saepius
720 1728 750 1779 et
778 1737 837 1779 non
868 1721 932 1780 sine
960 1721 1095 1780 cruciatu

83 1810 200 1868 urinam
229 1808 354 1888 faciunt,
382 1810 454 1868 item
477 1807 513 1868 ad
542 1825 607 1887 eos,
635 1809 688 1885 qni
711 1809 884 1885 sanguinem
908 1825 960 1868 ore
983 1809 1096 1868 eiciunt

83 1905 134 1957 aut
161 1914 216 1975 per
244 1898 358 1958 urinam
382 1896 525 1976 reddunt,
553 1895 589 1955 ad
617 1895 813 1956 deiectionem
837 1913 956 1974 quoque
985 1894 1043 1955 alvi
1066 1906 1096 1956 et

84 1985 119 2045 ad
142 1987 269 2046 tormina
293 1993 324 2045 ct
346 1985 529 2063 gravidinem
552 1985 664 2044 ventris
685 1991 716 2044 et
734 1982 882 2044 choleram
902 1992 932 2044 et
951 1984 1096 2044 stomachi

42 2091 69 2129 ιο
83 2072 219 2134 crebram
243 2091 397 2152 nauseam,
427 2091 501 2152 quae
525 2091 593 2134 cum
617 2074 730 2133 vomitu
753 2073 817 2132 sine
840 2071 918 2132 febri
940 2074 1095 2154 excitatur,

83 2161 164 2223 utilis
192 2169 238 2222 est
266 2169 296 2223 et
323 2162 468 2242 quidquid
496 2163 620 2241 reprimi
643 2170 673 2222 et
696 2162 803 2221 siccari
825 2169 959 2242 oportet,
983 2162 1094 2240 optime

83 2253 249 2331 conpescit3
276 2258 430 2330 praetcrea
456 2251 526 2312 iacit
549 2259 579 2312 et
601 2250 637 2310 ad
661 2251 794 2310 omnium
812 2251 942 2328 partium
961 2251 1095 2328 corporis

83 2338 215 2400 dolorem
238 2347 358 2418 praeter
380 2341 498 2420 capitis3
523 2341 703 2418 quinetiam
725 2339 751 2398 si
770 2338 887 2417 quando
906 2337 1031 2399 alicuius
1050 2339 1096 2398 rei

84 2446 171 2489 causa
195 2427 296 2488 datum
320 2428 426 2510 luerit,
456 2428 529 2489 aliae
557 2429 602 2488 rei
630 2429 701 2488 vitio
725 2445 783 2488 non
808 2429 866 2487 erit
888 2427 946 2488 hoc
969 2427 1095 2488 medica·

42 2531 69 2572 1⁵
83 2525 224 2577 mentum.
267 2516 341 2577 Cum
369 2524 467 2577 autem
491 2516 527 2576 ad
551 2518 663 2597 omnia,
686 2533 761 2594 quac
785 2516 973 2597 supradixi,
1001 2518 1095 2576 mani-

83 2605 157 2665 feste
180 2606 288 2684 presit,
315 2612 379 2666 tum
403 2607 562 2685 praecipue
585 2605 621 2665 ad
649 2606 733 2666 initia
756 2603 889 2683 pthiseos
912 2603 988 2664 bene
1012 2605 1095 2685 iacit3

82 2693 193 2754 multos
216 2696 295 2754 enim
314 2695 425 2771 eripuit
444 2711 480 2755 ex
499 2711 604 2773 magno
623 2693 756 2772 periculo
777 2693 929 2754 interdum
947 2692 994 2753 bis
1013 2702 1095 2754 terve

83 2781 170 2843 datus
192 2782 242 2842 hic
265 2781 413 2863 pastillus,
436 2784 545 2861 recipit
567 2789 666 2843 antem
690 2781 776 2842 haec:
808 2779 924 2861 Myrree
947 2781 1095 2860 troglody-

82 2870 161 2931 tidos
185 2868 211 2930 h
229 2869 275 2951 Vl,
298 2873 381 2932 croci
403 2870 428 2930 ll
447 2870 480 2952 V,
503 2873 581 2932 turis
600 2869 627 2931 X
644 2869 678 2951 V,
701 2872 761 2950 opii
779 2869 805 2930 ll
823 2869 886 2951 1111,
910 2869 1014 2932 alterci
1036 2866 1096 2930 albi

41 2973 69 3014 ro
83 2961 205 3020 seminis
228 2957 340 3038 xliii,
369 2958 547 3038 Apollinaris
577 2958 687 3019 herbae
711 2959 820 3019 radicis
843 2960 965 3019 corticis
988 2957 1095 3018 hilii.

83 3047 285 3109 Contunditur
307 3047 380 3108 haec
403 3055 506 3109 cortex
528 3065 583 3126 per
605 3067 637 3107 se
662 3056 692 3108 et
712 3046 862 3108 cribratur
884 3049 966 3107 tenui
987 3045 1096 3126 cribro,

154 3224 170 3272 2
189 3233 336 3272 mensurae
354 3217 473 3272 ratione.

153 3287 380 3343 demetendus.
453 3285 659 3357 sanguisugiae.
1008 3352 1014 3363 Ι

155 3359 309 3413 ticholera
365 3358 555 3413 incomitum.
614 3363 644 3410 11
662 3355 775 3426 oportit.
826 3361 859 3409 13
877 3355 960 3410 uerba
977 3352 1096 3408 chcuius

81 3428 124 3483 rei
142 3445 227 3484 causa
246 3430 272 3484 d.
289 3429 308 3485 i.
328 3427 402 3483 alise
420 3430 462 3484 rei
480 3433 611 3497 corrupta
626 3443 680 3482 esec
693 3428 829 3482 videntur.
904 3430 937 3479 16
955 3421 1095 3494 pthiseos]

80 3499 226 3570 pthisioos.
304 3504 337 3555 18
355 3498 566 3568 trocloditydos.
639 3503 674 3552 20
694 3497 836 3552 corticem.
908 3500 941 3552 21
962 3492 1060 3550 cortix.
