2636 3790
533 121 751 184 ..71-

132 282 276 364 perducit
300 283 462 343 suffusione
486 284 603 343 elocata.
650 281 899 362 Xerocollyria
930 289 964 343 et
992 281 1150 343 remedia

133 371 282 452 physica
311 372 456 432 divorsa
484 370 523 431 ad
553 369 876 448 xerophthalmiam
900 379 935 432 et
957 371 1150 450 caliginem
1288 439 1289 450 ,

136 471 170 522 et
190 459 454 539 aspritudinem
474 459 735 539 detergendam.
776 459 819 520 Ad
840 459 994 538 caliginem
1014 469 1043 522 et
1058 463 1150 540 asprI·
1169 472 1202 522 69
1287 461 1288 470 ’

134 550 269 611 tudinem
293 549 447 610 oculorum
473 551 641 628 siccamque
665 547 921 628 perturbationem
940 550 1004 610 sine
1024 557 1150 631 tumore,

105 657 223 718 squam
243 637 507 717 xerophthalmiam
522 637 627 698 Graeci
646 637 802 717 appellant,
822 637 892 698 lacit
911 637 967 698 hoc
987 637 1149 716 collyrium,

134 726 214 807 quod
242 729 381 805 psoricon
405 726 529 807 dicitur,
557 728 665 806 accipit
689 735 787 787 autem
811 725 897 787 hacc:
925 725 1012 786 Croci
1035 725 1061 786 II
1087 725 1150 807 xil,

133 818 246 896 psorici
270 814 295 875 Χ
318 814 411 895 XIIII,
439 813 573 893 psimithi
597 814 622 875 Χ
644 814 711 894 IIII,
741 817 802 894 opii
829 815 921 895 idem,
950 816 1062 894 pIperis
1092 814 1152 875 albi

133 905 222 985 idem,
242 907 369 982 gummis
389 903 415 964 Χ
433 903 467 965 II.
498 903 572 964 Cum
592 921 666 983 aqua
686 903 807 982 pluviali
825 911 964 965 teruntur
983 903 1069 984 haec,
1093 902 1151 964 col-

132 993 206 1073 lyria
235 995 335 1053 statim
363 985 441 1053 inde
460 993 628 1072 linguntur,
657 1011 694 1053 ne
722 993 869 1052 conlectio
893 991 981 1053 dllata
1005 999 1150 1053 vanescat.

93 1109 118 1148 ro
133 1081 295 1161 Collyrium
319 1082 354 1142 ad
379 1081 534 1160 caliginem
558 1092 588 1142 et
611 1081 835 1160 aspritudinem,
859 1081 938 1160 quod
962 1083 1149 1143 stratioticon
1169 1092 1202 1143 to

133 1171 257 1252 dicitur,
285 1173 392 1249 recipit
419 1170 505 1231 haec:
547 1169 685 1231 Psimithi
713 1169 738 1230 Il
766 1169 815 1250 VI,
848 1171 961 1249 pIperis
988 1170 1046 1231 albi
1074 1169 1099 1230 X
1128 1169 1150 1250 I,

132 1259 271 1338 omphaci
294 1258 320 1319 X
343 1258 382 1340 ll,
406 1259 536 1320 cadmiae
560 1258 586 1319 X
607 1258 659 1340 III,
683 1257 865 1338 opobalsami
889 1259 913 1319 II
938 1259 977 1340 II,
1001 1262 1060 1340 opii
1084 1258 1150 1338 III,

133 1351 262 1427 gummis
286 1347 312 1408 Il
335 1348 369 1408 ll.
416 1347 460 1407 Ex
490 1366 566 1427 aqna
594 1347 715 1427 pluviali
742 1348 798 1408 boc
827 1349 936 1410 teritur
963 1357 1052 1427 atque
1081 1365 1151 1409 con·

133 1438 243 1516 ficitur,
263 1437 341 1516 quod
361 1436 467 1497 melius
487 1439 641 1516 superiore
661 1437 697 1497 ad
716 1437 856 1515 caliglnes
874 1437 951 1498 lacit.
980 1436 1150 1517 Collyrium,
1170 1447 1203 1498 'tt

92 1553 118 1594 15
134 1525 215 1605 quod
245 1533 360 1586 stacten
389 1533 494 1586 vocant
522 1525 642 1606 Graeci,
670 1525 706 1585 ad
730 1526 832 1586 eadem
857 1525 933 1606 lere,
962 1544 1037 1604 quae
1061 1543 1152 1603 supra

134 1617 247 1692 scripta
271 1623 353 1694 sunt,
377 1613 463 1694 utile,
488 1614 539 1675 sed
564 1616 657 1694 magis
680 1613 856 1674 mulieribus
880 1614 1016 1693 prodest,
1044 1615 1152 1692 accipit

133 1704 221 1764 haec:
245 1702 382 1764 Cadmiae
407 1702 432 1763 II
455 1701 494 1786 II,
519 1703 601 1764 stibii
623 1701 649 1762 II
672 1701 718 1782 Vl,
741 1704 853 1781 pIperis
877 1701 936 1762 albi
960 1701 985 1761 x
1008 1701 1044 1781 II,
1067 1719 1152 1762 aeru-

133 1794 213 1872 ginis
232 1810 315 1852 rasae
339 1800 368 1852 et
387 1793 484 1872 misul,
506 1792 599 1852 donec
623 1793 782 1870 puniceum
807 1791 865 1870 liat,
889 1792 948 1850 usti
973 1788 997 1850 II
1021 1787 1153 1868 singulos

134 1883 238 1960 semis,
272 1882 349 1941 aeris
378 1879 459 1940 lloris
493 1879 612 1962 IIIS,
646 1880 773 1958 gummis
802 1877 827 1938 II
856 1877 924 1958 VII;
958 1877 1076 1957 quidam
1106 1878 1152 1938 his

92 1997 119 2036 so
134 1969 249 2030 addunt
272 1968 453 2048 opobalsami
471 1968 497 2028 II
516 1969 555 2049 113
579 1970 649 2030 trita
669 1967 741 2027 haec
761 1966 919 2044 diligenter
936 1966 1058 2046 pluviali
1076 1985 1152 2046 aqua

133 2067 335 2139 asperguntur
359 2067 388 2120 et
411 2060 443 2119 in
466 2057 586 2137 collyria
610 2056 799 2134 colliguntur.
837 2054 996 2135 Collyrium
1023 2073 1090 2116 acre
1114 2055 1151 2116 ad
1171 2066 1204 2114 ‘12

133 2147 336 2210 extenuandas
351 2149 506 2208 cicatrices
522 2148 655 2226 quamvls
669 2155 785 2206 veteres
800 2144 1000 2224 caliginesque
1016 2153 1046 2206 et
1059 2145 1152 2224 aspri·

133 2236 256 2298 tudines
279 2235 463 2316 angulorum,
490 2235 567 2314 quod
592 2234 684 2295 semel
706 2235 863 2295 inunctum
886 2233 1024 2313 plurimis
1047 2232 1152 2295 diebus

134 2326 274 2386 effectum
296 2331 441 2404 praestat,
466 2331 584 2403 oportet
608 2334 707 2384 autem
731 2342 766 2382 eo
791 2329 897 2401 aquato
917 2325 974 2404 uti,
997 2322 1049 2385 din
1073 2325 1152 2384 enim

92 2437 119 2478 ss
134 2423 218 2476 tenet
246 2431 391 2493 morsum,
419 2415 527 2492 accipit
550 2412 636 2473 haec:
669 2412 853 2472 Ammoniaci
876 2419 990 2492 guttae,
1014 2431 1089 2491 quae
1114 2416 1153 2472 sit

134 2505 199 2564 sine
220 2502 317 2583 sorde,
336 2502 367 2562 P.
382 2501 403 2582 l,
423 2503 572 2580 aerugInis
591 2501 624 2562 P.
640 2500 669 2579 S,
688 2502 816 2579 gummis
831 2499 861 2560 P.
877 2500 898 2560 1.
931 2500 1063 2561 Prtmum
1083 2519 1152 2562 cum

132 2611 210 2670 aqua
234 2590 354 2671 pluviali
378 2593 486 2652 teritur
510 2609 628 2670 aerugo,
652 2598 754 2668 postea
778 2596 877 2649 cetera
900 2587 1071 2650 adiciuntur
1094 2607 1151 2649 ma-

133 2689 234 2742 cerata
258 2699 332 2760 aqua
357 2679 477 2759 pluviali
500 2690 530 2740 et
553 2691 616 2740 tum
640 2677 760 2757 collyria
784 2677 945 2756 tinguntur.
983 2676 1035 2738 Fel
1059 2685 1151 2738 testu·
1172 2688 1205 2737 73

134 2769 214 2830 dinis
243 2787 312 2830 cum
340 2767 426 2828 melle
455 2770 566 2846 optimo
594 2768 720 2827 mixtum
748 2774 777 2826 ct
801 2766 852 2826 diu
876 2769 1054 2845 coagItatum
1078 2767 1153 2826 mire

92 2881 119 2922 oo
135 2857 293 2936 caliginem
322 2856 410 2937 tollit,
440 2858 465 2916 si
493 2855 572 2917 oculi
595 2855 663 2916 inde
687 2855 809 2916 adsidue
833 2854 1079 2916 circumlinantur
1102 2863 1154 2916 aut

134 2946 287 3008 subtiliter
311 2945 527 3006 suffundantur.
570 2943 817 3022 Calliblepharum
841 2943 1068 3023 xerocollyrium
1094 2945 1153 3024 pri·
1172 2954 1207 3004 tt

134 3055 218 3097 mum
243 3036 351 3114 accipit
373 3034 460 3094 haec:
492 3035 548 3094 Aes
573 3041 687 3113 ustum,
711 3033 847 3114 stibium,
871 3032 1027 3113 cadmiam,
1051 3035 1153 3112 aequis

213 3215 224 3262 1
247 3207 287 3260 ·X·
306 3204 508 3278 yrocolloryria
525 3205 597 3272 (cic).
644 3202 818 3273 lphoesica.
870 3201 1086 3272 xeroptalmiam
1102 3204 1153 3270 (sic

133 3280 268 3348 saepius).
351 3275 494 3346 torigon.
587 3271 706 3344 apocri.
795 3272 941 3355 psimbthi.
1031 3273 1152 3352 peperis.

137 3357 171 3404 11
200 3349 315 3419 recepit.
408 3353 441 3402 18
468 3361 549 3402 rasae
577 3361 627 3400 orn.
727 3359 895 3412 pumiceum.
959 3359 976 3370 ·
990 3342 1059 3412 usti]
1088 3343 1154 3421 rasi.

135 3427 172 3476 at
191 3420 326 3491 collyriis.
403 3423 438 3473 30
456 3420 506 3472 aab
524 3415 666 3472 subtiliter
685 3413 879 3468 suffundentur
898 3428 948 3466 om.
1030 3417 1062 3464 et
1082 3429 1155 3467 xirc-

135 3490 287 3546 collirium.
