2564 3794
510 99 726 227 „35ss

111 323 192 403 quod
215 323 400 384 medicamen
423 326 454 384 in
472 323 580 403 pyxide
604 342 690 384 aerea
713 323 801 385 debet
823 329 937 408 reponi,
960 328 1032 387 satis
1051 327 1123 388 utile

112 420 142 472 et
169 411 344 472 leucomatis
372 421 402 473 et
430 411 620 474 cicatricibus
644 421 674 472 et
696 411 833 473 omnibus
856 416 936 474 vitiis
959 415 1122 496 oculorum,

112 503 139 560 si
167 499 289 561 adsidue
316 500 385 561 inde
414 508 444 561 et
469 509 635 580 opportune
658 503 849 579 inungantur.
894 501 933 562 Ut
956 503 1176 565 leucomatalte

111 587 268 649 oculorum
293 589 452 650 efficaciter
476 589 634 670 discutias,
662 588 787 668 ungulas
811 591 887 650 asini
910 592 1035 651 viventis
1055 591 1124 654 lima

84 686 142 738 eet
165 677 254 738 scobe
279 695 381 738 earum
405 695 493 756 quam
516 679 705 759 tenuissimo,
729 680 779 756 qui
804 678 922 739 levitate
946 696 999 738 sna
1022 679 1124 741 oculos

111 784 171 825 non
186 765 324 846 offendat,
347 764 415 826 our'n
432 765 507 826 lacte
521 763 661 826 muliebri
680 769 771 826 mixto
789 766 961 845 frequenter
979 769 1124 845 inungito.

15 903 16 906 ,
110 855 246 914 Araneus
270 853 354 914 albus
378 853 517 916 cruribus
540 853 721 932 longissimis
744 873 812 915 cum
834 854 899 915 oleo
924 863 1024 915 vetere
1050 867 1178 916 con-160

110 945 201 1003 tritus
219 960 274 1022 per
292 944 495 1004 inunctionem
515 942 667 1003 adsiduam
691 942 856 1004 leucomata
881 945 984 1004 eximit
1007 953 1038 1004 et
1057 944 1124 1004 ideo

110 1031 213 1110 plures
241 1049 309 1091 cnm
337 1030 403 1091 oleo
431 1031 592 1092 sufficienti
620 1033 678 1092 teri
706 1039 837 1112 oportet,
864 1049 902 1092 nc
926 1040 994 1092 ante
1018 1033 1124 1093 contir-

71 1136 96 1174 10
110 1127 219 1180 matam
258 1121 413 1180 sanitatem
450 1119 633 1180 medicamen
670 1122 871 1180 necessarium
908 1120 992 1181 desit.
1044 1120 1178 1200 Gepa151

110 1208 199 1286 longa
227 1215 351 1268 contusa
379 1210 556 1288 exprimitur
583 1209 708 1287 eiusque
736 1226 827 1269 sucus
855 1208 1043 1288 opobalsamo
1071 1209 1125 1290 vel,

111 1296 191 1376 quod
220 1295 370 1357 efficacius
400 1305 459 1376 est,
488 1296 558 1356 lacti
581 1296 714 1357 mulieris
737 1295 885 1358 admixtus
908 1297 1072 1358 lencomata
1096 1305 1126 1358 et

111 1387 266 1445 cicatrices
295 1393 326 1445 et
349 1403 424 1464 quae
448 1383 553 1445 Graeci
576 1394 724 1464 argemata
747 1386 895 1465 appellant
917 1389 993 1446 miro
1017 1386 1124 1447 ellectu

110 1475 278 1533 inunctioni
301 1473 431 1533 adhibita
450 1481 589 1534 extenuat
608 1481 696 1552 atque
716 1483 862 1553 persanat.
905 1474 1177 1535 Anemonem-1⁶2

71 1576 96 1617 1s
111 1563 191 1622 citur
218 1579 235 1620 a
258 1561 379 1622 Graecis
406 1561 512 1641 herba,
540 1581 615 1641 quae
642 1570 754 1622 tantam
784 1565 843 1623 vim
867 1563 992 1623 remedii
1014 1562 1124 1622 habere

111 1649 255 1728 creditur,
283 1659 316 1710 ut
342 1658 458 1729 portata
485 1649 581 1710 abeo
608 1649 656 1710 rel
684 1649 829 1728 subligata
858 1649 933 1710 collo
965 1653 1042 1730 eius,
1074 1652 1126 1728 qui

111 1738 265 1818 glaucoma
284 1740 407 1818 patitur,
421 1740 499 1799 intra
513 1738 577 1798 dies
591 1738 785 1818 quadraginta
800 1740 933 1816 quinque
950 1756 1018 1798 eum
1033 1740 1125 1797 sanis-

111 1829 222 1888 simum
239 1825 351 1888 reddat.
383 1825 422 1887 Ut
440 1826 592 1906 glaucoma
611 1828 757 1905 incipiens
776 1826 914 1887 celeriter
933 1826 1179 1904 discutiatur,153

110 1915 235 1976 herbam
263 1915 423 1994 serpyllum
451 1915 584 1994 decoque
613 1923 643 1974 et
671 1916 736 1974 eius
763 1932 839 1993 aqua
867 1913 969 1974 oculos
1002 1914 1125 1975 adsidue

70 2018 97 2058 20
111 2006 188 2084 love,
211 2011 315 2083 postea
337 2005 403 2082 pice
427 2003 539 2082 liquida
561 2021 636 2082 pura
659 2021 693 2063 ac
719 2002 811 2063 nitida
833 2001 914 2062 velut
937 2001 1058 2081 collyrio
1082 2005 1125 2062 in·

110 2111 200 2172 unge,
223 2093 283 2152 cito
307 2094 433 2172 recipies
457 2094 620 2152 sanitatem.
660 2091 793 2152 Perdicis
817 2092 906 2151 unius
931 2090 979 2171 lel,
1002 2090 1178 2170 opatu-154

110 2183 187 2242 sami
211 2180 348 2259 cyathum
377 2199 483 2260 unum,
512 2182 613 2260 cyperi
637 2179 751 2240 Sidonii
778 2179 876 2258 cyathi
903 2188 1018 2258 partem
1041 2179 1124 2240 dimi·

109 2270 204 2349 diam,
231 2271 302 2328 trita
328 2268 402 2328 baec
430 2277 460 2329 et
487 2269 523 2329 ad
552 2287 697 2330 summam
720 2266 868 2329 levitatem
891 2267 1034 2348 perducta
1058 2285 1124 2346 per-

110 2360 261 2435 mixtaque
276 2358 306 2416 in
321 2356 429 2436 pyxide
439 2355 577 2436 plumbea
591 2375 718 2435 repones
733 2364 763 2417 et
779 2358 952 2417 inunctione
967 2357 1123 2417 adversum

69 2460 94 2501 aa
108 2446 294 2526 glaucomata
309 2453 339 2505 et
352 2445 515 2524 ypochyses
529 2453 560 2506 et
574 2445 730 2523 caliginem
743 2447 818 2506 mire
830 2447 932 2506 uteris.
957 2445 1044 2506 Corvi
1058 2463 1117 2505 ma·
1126 2456 1177 2505 165

108 2537 171 2594 rini
194 2533 234 2593 fel
257 2535 425 2594 inunctioni
448 2533 612 2595 adhibitum
636 2533 776 2612 caligines
800 2533 892 2614 tollit,
918 2533 1071 2612 albugines
1095 2543 1125 2594 et

109 2623 268 2684 cicatrices
292 2629 441 2703 extenuat,
464 2640 569 2683 carnes
592 2629 800 2683 excrescentes
821 2625 984 2700 compescit
1001 2623 1124 2683 fluores·

109 2729 169 2790 que
198 2709 353 2771 oculorum
381 2713 525 2790 reprimit.
571 2709 724 2792 Pisciculi,
754 2713 806 2790 qui
838 2729 948 2790 equum
972 2711 1177 2772 marinumtto

109 2798 231 2880 similat,
254 2799 294 2859 sel
323 2816 445 2859 ovorum
469 2798 612 2859 albumini
634 2801 759 2859 mixtum
784 2807 905 2860 etcum
928 2799 994 2860 lana
1022 2798 1124 2859 sucida

68 2901 94 2941 ³0
108 2887 206 2949 oculis
234 2887 403 2964 adpositum
431 2887 536 2947 melius
564 2887 729 2948 remedium
757 2905 847 2966 supra
877 2889 996 2966 scriptis
1024 2886 1123 2947 oculo·

108 2994 178 3037 rum
203 2977 301 3036 causis
325 2993 412 3054 qnam
436 2975 529 3036 ullum
552 2976 632 3036 aliud
654 2975 838 3036 medicamen
856 2985 1008 3054 praestare
1032 2977 1124 3035 mani

108 3065 221 3125 festum
242 3071 295 3125 est.
329 3063 462 3124 Scrofina
481 3064 566 3142 adipe
585 3066 701 3124 recenti
716 3066 741 3124 si
756 3067 823 3142 quis
838 3065 981 3125 contritos
997 3063 1177 3142 angulosmt

108 3153 281 3232 oculorum,
304 3170 380 3231 quos
403 3151 509 3213 Graeci
532 3151 658 3212 canthus
681 3161 802 3232 vocant,
829 3153 957 3213 interius
981 3152 1123 3212 exterius·

108 3260 169 3321 que
192 3242 358 3321 inunxerit,
381 3239 567 3318 vermiculos,
591 3242 643 3318 qui
666 3242 747 3300 noxii
770 3248 840 3300 sunt
862 3239 964 3318 oculis,
987 3247 1125 3317 potenter

67 3342 94 3382 ³⁵
109 3329 221 3390 educit.
269 3328 374 3408 Sepiae
397 3337 473 3389 testa
496 3330 634 3408 interior,
658 3346 733 3406 quae
756 3327 852 3387 mollis
876 3335 934 3406 cst,
958 3326 1178 3402 diligentis-158

112 3421 189 3478 sime
221 3419 292 3477 trita
325 3426 355 3477 et
386 3416 524 3477 muliebri
555 3415 631 3475 lacte
661 3418 805 3494 permixta
839 3423 927 3492 atque
959 3413 1126 3472 inunctioni

110 3504 244 3567 adhibita
273 3522 364 3583 sopra
392 3505 479 3565 dictis
502 3503 657 3564 oculorum
686 3504 783 3563 causis
812 3501 972 3579 plurimum
997 3499 1125 3577 prodest.
