2528 3814
528 144 765 208 -326-

139 311 232 391 veris3
259 308 316 369 hoo
344 309 433 368 etiam
461 309 557 385 aegris
586 308 649 368 sine
678 306 852 368 difficultate
880 308 1043 387 succurrit3
1076 309 1157 368 sanis
1251 355 1252 386 y

141 399 244 459 cadem
268 416 344 476 aqua
366 414 435 457 cum
458 396 586 476 condito,
611 397 637 456 si
659 397 699 456 ita
722 395 835 476 malint,
858 397 969 473 optime
993 394 1090 458 datur.

89 499 122 549 62
230 487 273 547 hd
294 485 412 547 cholera
431 485 629 564 reprimenda.
656 484 792 545 Puleium
809 483 1087 545 commanducatum
1107 504 1156 546 su·

141 595 196 656 per
214 575 389 636 umbilicum
407 576 570 654 inpositum
589 572 809 652 obligatumque
829 575 1016 652 supprimere
1036 573 1156 636 cholera

141 673 172 726 et
199 667 423 744 intempestivos
452 670 482 723 et
510 664 667 723 continuos
690 664 818 722 vomitus
846 663 921 722 mire
951 670 1076 723 constat.
1124 663 1183 724 Sis
1251 659 1252 716 l

141 754 177 814 de
206 753 325 815 cholera
353 761 452 813 alitem
479 759 561 812 tanta
590 752 748 812 concitatio
776 753 905 811 vomitus
932 759 992 831 est,
1024 758 1059 811 ut
1087 770 1156 812 con·
1251 739 1252 816 l

140 845 231 903 tincri
254 861 314 903 non
337 843 446 920 possit,
474 840 628 920 hedyosmi
655 847 705 900 aut
733 857 840 900 crucae
863 838 994 900 ramulos
1018 847 1080 900 tres
1105 849 1156 902 aut

142 938 281 1010 quattuor
301 949 368 991 cum
388 929 457 990 mali
475 931 590 1008 granati
607 947 679 989 suco
695 930 840 989 contritos
855 926 1058 988 absorbendos
1078 929 1155 1011 dato,
1251 933 1252 1016 J

87 1033 119 1082 63
140 1023 281 1081 continuo
301 1009 462 1081 sedabitur.
496 1017 602 1078 Vinum
622 1025 768 1097 myrteum
787 1015 968 1078 sorbendum
988 1016 1065 1098 dato,
1087 1036 1155 1096 pro-

138 1111 220 1170 tinus
244 1109 388 1168 vomitum
411 1109 593 1188 conprimes3
617 1106 694 1166 lauri
714 1105 802 1167 bacas
822 1105 935 1184 aliquot
954 1107 1097 1166 contritas
1117 1125 1154 1167 ex
1168 1123 1193 1162 so
1251 1133 1252 1136 ι

138 1199 207 1256 vino
235 1197 320 1274 potui
348 1195 430 1256 datas
456 1213 634 1255 succurrere
659 1194 778 1255 cholera
800 1193 1005 1254 laborantibus
1029 1203 1153 1256 constat.

86 1289 120 1336 64
138 1283 290 1344 Μοιοιιιιιι
319 1283 355 1343 de
384 1281 468 1342 rubis
497 1301 589 1343 sucus
617 1290 723 1362 epotus
751 1283 912 1344 efficaciter
940 1283 1062 1361 prodest
1085 1283 1153 1344 cho·

139 1373 210 1433 leris
234 1371 444 1452 reprimendis;
474 1370 572 1431 caules
597 1379 741 1450 quantum
764 1374 891 1432 maiores
916 1371 1041 1433 discocti
1064 1381 1095 1432 et
1117 1391 1154 1433 ex

86 1464 119 1513 65
139 1469 222 1522 aceto
255 1463 366 1540 sumpti
394 1459 530 1520 similiter
558 1460 723 1521 medentur.
770 1459 906 1540 Cydonea
934 1459 1010 1521 bene
1038 1469 1154 1523 matura

138 1569 199 1612 non
224 1558 306 1612 cocta
329 1552 360 1610 in
385 1549 451 1610 cibo
475 1556 595 1629 accepta
620 1549 756 1610 similiter
776 1556 917 1630 prosunt;
941 1548 1030 1610 bacae
1049 1550 1154 1612 itidem
1169 1565 1194 1605 ιι

139 1639 255 1719 agrifoli
278 1641 364 1700 tritae
389 1657 457 1699 cum
480 1640 548 1698 vino
572 1640 657 1718 potui
680 1638 764 1698 datae
788 1639 847 1698 cito'
875 1637 1062 1700 subveniunt.

86 1731 119 1781 66
227 1728 271 1788 Ad
305 1727 402 1788 alvum
435 1727 639 1788 concitandam
671 1729 772 1788 aizoon
803 1726 909 1808 herba,
942 1745 1016 1806 quae
1049 1726 1154 1789 Latine

136 1817 244 1878 sedum
263 1817 436 1897 appellatur,
456 1835 492 1876 ex
511 1819 578 1876 vino
598 1817 726 1877 contrita
745 1823 873 1895 potaque
890 1815 1052 1894 plurimum
1066 1818 1155 1896 prod·

86 1910 119 1958 67
140 1914 194 1967 est.
236 1905 352 1966 Herbae
380 1907 545 1966 vettonicae
573 1907 604 1965 in
631 1903 737 1965 umbra
765 1904 911 1965 arefactae
936 1904 1005 1965 solia
1028 1913 1154 1967 contusa

139 2003 169 2056 et
197 1997 227 2054 in
258 1994 409 2074 pulverem
438 1994 558 2054 redacta
586 1993 621 2053 ad
645 1993 761 2072 pondus
785 1993 976 2054 denariorum
999 1995 1092 2056 trium
1116 2014 1153 2055 ex
1169 2010 1196 2050 ao

138 2083 318 2163 hydromelis
337 2083 450 2163 cyathis
466 2081 544 2142 Vllll
562 2081 689 2143 bibenda
708 2100 761 2161 per
781 2083 913 2143 triduum
933 2081 999 2142 data
1018 2091 1153 2144 ventrem

86 2176 119 2224 68
139 2175 203 2234 sine
222 2173 357 2234 molestia
372 2173 511 2232 continuo
527 2178 655 2231 movent.
680 2170 834 2230 Brassicae
849 2172 1027 2231 tenerrimae
1042 2174 1153 2232 contri‘

138 2269 185 2321 tae
206 2279 311 2322 sucum
330 2277 504 2339 expressum
524 2261 549 2319 si
569 2261 635 2338 quis
657 2259 695 2320 ad
720 2277 771 2320 sex
795 2259 958 2339 cotylarum
981 2279 1154 2322 mensuram

139 2349 262 2410 adiectis
289 2350 351 2409 vini
378 2347 491 2428 cyathis
519 2347 616 2409 tribus
644 2349 762 2408 ieiunus
786 2347 909 2428 biberit,
935 2351 976 2408 ita
999 2356 1033 2410 ut
1055 2349 1153 2427 pridie

138 2455 199 2497 non
231 2446 318 2498 cenet
350 2446 380 2498 et
411 2436 487 2496 bene
517 2437 651 2516 digestus
684 2439 736 2516 sit,
769 2437 894 2497 mirifico
927 2455 960 2497 ac
994 2439 1057 2498 siue
1090 2437 1152 2498 ullo
1166 2451 1194 2493 ιι

86 2531 119 2580 66
139 2526 235 2586 taedio
255 2525 318 2586 alvo
339 2527 484 2586 concitata
502 2525 687 2605 purgabitur.
722 2524 906 2586 Orbicnlaris
924 2524 1043 2606 herbae,
1062 2544 1153 2622 quam

139 2614 250 2674 Graece
279 2614 462 2717 cyclaminon
490 2621 610 2696 vocant,
642 2616 668 2674 si
695 2616 762 2692 quis
790 2632 932 2693 expresso
960 2633 1033 2676 suco
1062 2611 1154 2676 arium

139 2705 321 2784 perunxerit,
346 2704 420 2762 mira
443 2703 594 2764 celeritate
618 2705 789 2781 experietur
812 2703 869 2763 alvi
892 2703 1078 2764 solutionem

87 2795 120 2844 70
228 2789 266 2852 Ut
284 2793 460 2871 purgatione
480 2793 592 2852 ventris
611 2791 740 2852 relevato
760 2809 884 2870 corpore
900 2791 1060 2854 salubriter
1075 2799 1152 2854 aeta-

139 2891 199 2940 tem
223 2898 304 2960 agas‚
328 2879 424 2939 alvum
447 2878 504 2939 hoc
528 2898 637 2959 genere
661 2879 833 2942 concitabis
875 2879 1152 2944 Gladioli·radice1n
1167 2896 1193 2936 ³⁰

138 2969 324 3048 longitudine
347 2985 381 3028 ac
404 2966 590 3047 plenitudine
614 2968 699 3048 digiti
719 2969 843 3050 pollicis,
868 2971 894 3030 si
913 2969 1040 3030 feminae
1058 2988 1154 3030 reme-

139 3059 222 3119 dium
246 3057 375 3119 dandum
399 3059 469 3138 erit,
498 3060 523 3118 si
547 3059 623 3139 viro,
647 3058 683 3119 ad
707 3059 935 3119 crassitudinem
959 3056 1086 3120 duorum
1110 3059 1153 3120 di·

139 3149 269 3226 gitorum
302 3155 332 3209 et
363 3145 579 3226 longitudinem
607 3149 697 3208 unius
727 3146 810 3207 dabis
838 3147 973 3214 derasam
1006 3157 1036 3209 et
1063 3147 1154 3209 lotam

140 3239 356 3318 contritamque
378 3236 576 3298 valentissime
596 3235 719 3298 adiectis
738 3253 831 3314 aquae
851 3235 964 3315 cyathis
981 3235 1037 3322 'llll
1056 3246 1107 3298 aut
1120 3235 1153 3318 V,

229 3448 244 3495 2
264 3443 378 3498 condito
397 3447 445 3496 Im
464 3441 642 3497 condimento
662 3447 721 3499 2m.
793 3447 824 3494 11
846 3416 964 3497 cholere.
1035 3448 1068 3497 17
1088 3459 1152 3499 con-

140 3510 284 3567 citandam
302 3519 351 3568 1m
370 3511 567 3568 concitandum
584 3517 645 3570 2m.
718 3517 751 3566 23
771 3511 928 3567 cotilarum.
