2528 3814
492 166 733 230 -331-

190 329 235 390 Ad
258 328 396 410 rhagadia
419 331 450 390 in
474 347 530 390 ano
554 331 718 390 nascentia:
743 328 870 406 Spumae
895 331 1009 406 argenti
1033 328 1168 409 -1,12

95 419 160 480 olei
183 420 263 479 rosei
288 418 361 478 —l
387 417 582 497 permiscebis
611 427 641 479 et
669 417 790 478 adsidue
819 416 960 496 adpones.
1000 417 1114 478 Planta·
1136 429 1168 477 13

96 509 179 586 ginis
203 507 272 567 lolia
295 515 325 568 et
347 507 462 568 radices
484 514 514 568 et
532 505 655 568 herbam
674 505 880 568 centenodiam
900 513 929 566 et
947 505 1017 566 rubi
1036 525 1115 566 sum·

97 599 235 657 mitatem
255 603 285 656 et
302 595 426 675 mespila
446 603 475 656 et
494 597 625 676 cydonea
644 603 674 657 et
692 613 785 656 nuces
805 593 901 654 Galles
921 595 1006 655 etde
1025 594 1114 656 salice

67 685 232 765 sfrondes,
256 704 330 764 quae
354 687 532 746 tenerrimae
552 685 673 766 luerint,
697 703 765 744 cum
787 690 953 744 atramento
973 685 1115 744 sutorioio
1142 710 1144 714 ¹

9 809 10 860 3
97 793 138 834 ex
161 793 237 852 aqua
260 791 371 852 coques
395 773 482 834 simul
505 775 643 835 universa
667 771 782 834 adiecta
803 781 907 851 quarta
930 780 1014 850 parte
1038 774 1116 833 aceti

98 869 131 923 et
160 861 270 923 colabis
298 862 457 940 diligenter
484 869 572 940 atque
596 861 664 922 iude
689 861 802 922 fovebis
826 879 875 922 eas
897 868 1011 942 partes,
1035 861 1114 922 unde

97 951 343 1012 haemorrhoides
368 951 473 1011 lluunt.

189 1039 268 1101 Rubi
296 1041 495 1100 summitatem
520 1038 641 1118 colliges
665 1045 695 1099 et
718 1038 793 1098 mala
817 1037 976 1120 silvestria;
1004 1037 1114 1099 rubum
1134 1049 1168 1098 14

9 1133 10 1202 ζ
53 1145 81 1184 xo
97 1136 199 1189 autem
227 1131 258 1188 iu
287 1129 429 1187 mortario
457 1135 537 1188 teres
566 1135 596 1188 et
623 1126 805 1188 silvestrium
828 1145 984 1206 pomorum
1008 1145 1114 1188 sucum

98 1219 249 1296 exprimes
277 1224 307 1276 et
334 1218 446 1295 pariter
473 1215 613 1277 miscebis
641 1235 675 1278 ac
707 1217 871 1277 fomentum
904 1216 973 1276 iude
1001 1216 1113 1277 laetum

9 1313 11 1388 ξ
97 1305 227 1366 calidum
237 1304 515 1366 haemorrhoidibus
527 1305 666 1384 adpones.
685 1305 823 1366 Chartam
834 1305 992 1384 diligenter
1004 1323 1112 1366 exures
1132 1315 1165 1364 15

9 1391 11 1470 ξ
98 1401 130 1454 11
148 1396 279 1455 cinerem
298 1396 363 1454 eius
382 1395 444 1454 sive
464 1393 616 1473 fuliginem
636 1396 745 1455 siccam
764 1394 801 1455 ad
820 1393 961 1456 fluentem
979 1394 1113 1454 haemor-

98 1482 212 1543 rhoidis
236 1501 339 1542 venam
363 1490 423 1543 tam
447 1482 497 1543 diu
522 1483 661 1564 adpones,
685 1484 779 1543 donec
802 1485 974 1560 stringatur.

56 1586 83 1628 15
189 1571 232 1630 Ad
257 1571 337 1652 ficos,
364 1573 470 1649 quiin
493 1570 566 1631 locis
591 1569 855 1630 verecundioribus
879 1578 1051 1649 nascuntur,
1075 1569 1111 1629 de
1132 1581 1165 1629 16

98 1659 195 1720 orbita
219 1669 301 1720 rotae
324 1658 429 1738 collige
453 1659 551 1719 calvos
574 1658 687 1736 lapides
710 1677 770 1718 non
793 1657 993 1736 praegrandes
1014 1675 1111 1736 neque

98 1766 205 1828 parvos
229 1756 259 1809 11
282 1767 359 1828 pone
383 1751 414 1808 in
438 1748 516 1828 loco,
545 1755 579 1806 ut
602 1747 678 1808 bene
702 1747 893 1827 candescant,
919 1753 950 1806 et
972 1745 1044 1806 lotio
1067 1748 1111 1806 in·

98 1839 188 1898 fantis
216 1856 268 1898 eos
296 1839 449 1918 extingue;
478 1843 582 1914 postea
615 1835 650 1896 de
678 1837 744 1913 ipso
771 1834 843 1895 lotio
867 1834 965 1895 locum
989 1834 1112 1896 adsidue

98 1926 170 2004 lava,
193 1927 234 1986 ita
257 1933 291 1986 ut
313 1927 487 2005 frequenter
506 1931 603 1985 mutes
626 1931 656 1984 et
674 1923 785 2002 lapides
804 1931 834 1983 et
853 1922 957 1984 lotium
975 1923 1111 2004 inlantis3

56 2031 84 2070 eo
99 2021 214 2076 tantum
237 2014 381 2096 proderit,
404 2021 438 2075 ut
463 2016 594 2074 sectione
618 2020 648 2072 et
671 2012 751 2072 lerro
775 2030 850 2090 opus
873 2030 933 2072 non
957 2013 1004 2072 sit.

187 2102 320 2164 Extalem
343 2105 562 2182 prominentem
581 2103 648 2162 vino
667 2102 758 2162 lavari
776 2103 869 2182 priuS,
893 2100 1000 2161 deinde
1020 2100 1110 2161 cedro
1131 2111 1164 2160 11

9 2187 10 2242 ἶ
98 2194 170 2271 ungi
193 2201 223 2253 et
245 2191 352 2272 pollice
375 2191 501 2272 propelli
524 2194 688 2252 introrsum
711 2197 837 2269 oportet.

186 2281 243 2340 Ani
266 2283 345 2342 vitiis
369 2280 506 2342 omnibus
530 2280 706 2360 plantaginis
725 2279 808 2339 radix
828 2279 1020 2339 decrescente
1039 2277 1110 2338 luna
1132 2289 1164 2337 18

99 2370 146 2430 die
175 2369 297 2430 Saturni
324 2369 478 2431 occidente
507 2369 568 2430 sole
597 2368 720 2429 collecta
747 2367 793 2428 vel
823 2375 941 2446 sumpta
969 2377 999 2427 et
1026 2366 1109 2445 pelli-

58 2471 86 2512 15
100 2458 164 2518 cula
187 2458 234 2518 vel
260 2477 358 2538 panno
381 2458 538 2538 phoenicio
562 2456 700 2518 obvoluta
723 2475 757 2517 ac
780 2455 848 2517 licio
871 2455 959 2536 ligata
982 2463 1013 2516 et
1035 2455 1109 2516 lum-

99 2547 144 2608 bis
176 2547 358 2608 ciroumdata
390 2549 531 2608 continuo
560 2547 715 2606 sanitatem
743 2544 914 2623 praestabit.
961 2543 1110 2604 Sertulam
1130 2555 1163 2604 19
1206 2568 1209 2577 ’

99 2635 274 2714 Campanam
302 2655 339 2696 ex
366 2638 434 2696 vino
462 2643 513 2696 aut
540 2653 626 2714 passo
654 2642 769 2694 coctam
797 2635 886 2694 terito
915 2641 945 2694 et
969 2632 1110 2712 adponito

99 2725 134 2784 ad
161 2742 250 2784 annm
279 2742 373 2802 eoque
402 2727 483 2806 vino,
511 2727 542 2784 in
572 2743 630 2802 quo
655 2723 796 2783 sertulam
819 2724 948 2802 coxeris,
972 2729 1003 2782 et
1025 2724 1109 2800 prius

100 2821 128 2872 et
150 2820 252 2892 postea
275 2831 364 2875 anum
388 2813 494 2893 fovete,
518 2812 655 2872 celeriter
679 2811 804 2872 sanabis.
842 2811 916 2872 Caro
938 2813 987 2872 ani
1006 2829 1108 2889 super·
1128 2820 1164 2869 20

59 2915 86 2956 ao
101 2918 189 2962 vacua
213 2903 277 2960 siue
302 2900 403 2962 dolore
428 2908 629 2982 consumetur,
650 2903 679 2984 ¹si
702 2919 878 2961 araneorum
901 2900 949 2960 illa
972 2899 1113 2980 adpones,

101 3007 173 3068 quae
197 2991 228 3051 in
251 2991 346 3050 vineis
369 2991 569 3050 inveniuntur.

143 3131 145 3136 .
187 3077 305 3158 Cedria,
330 3097 387 3157 qua
411 3077 524 3138 librarii
546 3083 687 3159 utuntur,
710 3079 736 3137 si
759 3095 847 3139 anum
870 3077 994 3137 licosum
1019 3083 1048 3136 11
1071 3075 1107 3135 ad
1127 3086 1160 3135 21

101 3169 260 3228 sectionem
285 3174 469 3246 spectantem
491 3157 664 3245 frequenter
687 3168 753 3226 vino
778 3165 873 3226 calido
891 3167 975 3243 prius
995 3163 1110 3223 elutum

101 3255 219 3334 specillo
242 3258 419 3334 perunxeris
443 3264 531 3335 atque
555 3257 595 3314 ita
615 3256 771 3336 quieveris,
795 3252 970 3313 mirabiliter
989 3269 1109 3312 carnem

186 3397 202 3446 2
230 3390 412 3460 permiscebit
440 3391 607 3460 Stephanus:
639 3389 799 3458 permisces.
923 3393 938 3442 1
967 3386 1109 3443 saturioio.

103 3467 132 3516 12
150 3460 372 3518 haemorhoides.
447 3467 479 3516 15
498 3459 751 3517 verecondioribus.
807 3459 930 3515 191111.
985 3457 1109 3530 lapidea]

14 3592 15 3607 ,
101 3533 140 3586 111
156 3533 243 3603 pides.
317 3539 352 3589 30
371 3533 504 3605 adpones.

1123 3715 1224 3772 A
