2636 3790
494 91 689 155 ..5-

1 288 2 309 ,
72 250 271 314 ficationibus
299 252 379 310 veris
406 251 509 331 fieret3
537 253 636 331 itaque
664 251 854 330 explicandae
883 254 927 314 rei
954 253 1097 316 adversus

74 340 297 402 obscuritatem
321 338 465 400 consului.
503 339 597 418 lgitur
620 339 747 419 epistula
770 339 837 402 talis
861 349 915 404 eat.

138 481 329 542 Antiocho
351 483 430 560 regi
451 479 694 562 Hippocrates
717 481 810 544 Cous
833 481 985 545 salutem
1008 483 1036 545 d.

1 676 2 692 ,
162 605 243 666 Eam
265 612 295 666 te
314 606 346 664 iu
364 603 420 666 boc
439 604 584 684 regnandi
603 623 726 666 munere
750 613 780 666 et
803 604 932 668 eulmina
955 615 1097 686 reputans
1117 615 1131 664 1

1 707 2 742 1
73 697 231 756 sustinere
262 711 435 774 personam,
463 701 498 754 ut
524 711 577 754 rex
605 711 731 772 magnus
757 695 848 755 vitam
871 693 972 756 multis
995 695 1097 756 utilem

50 786 102 844 ein
126 783 260 861 longum
282 781 447 860 provehere
471 781 592 862 debeas,
615 782 704 844 simul
724 783 876 862 ingentem
895 781 1097 862 providentiae

74 881 141 933 tuae
163 873 299 932 metiens
319 888 429 951 curam,
448 889 506 949 qua
525 873 802 950 experientissimus
821 889 923 932 rerum
941 870 1098 934 mathesim

73 979 201 1040 quoque
225 960 325 1038 prime
347 959 472 1038 adeptus
496 977 542 1041 es,
569 961 729 1021 convenire
757 959 866 1022 talibus
889 959 997 1040 regalis
1021 961 1098 1041 peri·

72 1052 131 1110 tiae
157 1047 275 1110 studiis
293 1047 454 1108 arbitratus
476 1065 543 1110 sum
561 1047 753 1110 domesticam
772 1067 891 1130 quoque
910 1049 1015 1112 tuendi
1033 1067 1097 1111 cor·

72 1140 159 1216 poris
181 1144 214 1197 et
232 1136 440 1215 procurandae
458 1136 636 1198 valetudinis
655 1139 822 1220 scientiam3
840 1157 932 1218 super
946 1141 1033 1201 cuius
1047 1137 1097 1200 ob·

42 1243 61 1281 n
73 1223 304 1288 servationibus
323 1224 358 1286 ad
377 1233 407 1286 te
426 1224 617 1286 scribendum
636 1227 746 1306 putavi,
771 1235 852 1288 utet
871 1227 980 1307 quibus
999 1229 1098 1290 causis

74 1315 181 1376 morbi
196 1315 363 1375 existerent
380 1322 409 1375 et
424 1313 533 1393 quibus
547 1323 816 1393 praenoscerentur
829 1315 948 1378 iudiciis
962 1323 993 1378 et
1006 1315 1098 1396 quali·

75 1404 133 1465 bus
153 1406 240 1464 inter
258 1402 379 1463 exordia
399 1404 619 1482 perimerentur
637 1402 771 1465 medellis
791 1404 987 1468 ostenderem.
1024 1403 1098 1466 Nam

77 1493 141 1553 lere
157 1498 194 1553 ut
208 1490 286 1552 caeli
299 1490 470 1552 turbulenta
484 1499 646 1570 tempestas
664 1510 825 1572 numquam
843 1495 901 1556 nisi
919 1493 1098 1576 praecedan-

78 1581 163 1642 tibus
179 1579 258 1640 solet
272 1581 365 1658 signis
379 1581 529 1662 ingruere,
543 1583 584 1642 ita
598 1599 758 1660 corporum
772 1584 947 1644 inminentia
956 1581 1098 1662 pleraque

45 1685 67 1724 15
79 1668 274 1730 incommoda
293 1675 377 1729 ortus
395 1671 509 1748 proprii
528 1670 743 1748 significatione
762 1679 974 1732 monstrantur.
1003 1670 1098 1748 Spon-

81 1759 136 1819 deo
153 1765 257 1818 autem
271 1774 326 1835 pro
340 1759 471 1835 ingenita
486 1757 645 1840 docilitate,
659 1777 717 1838 qua
732 1767 863 1820 nostram
877 1775 995 1838 quoque
1009 1775 1099 1836 super

83 1846 128 1907 bis
144 1845 240 1907 rebus
255 1844 415 1907 sollertiam
430 1845 547 1926 probas,
562 1849 684 1908 monitis
698 1847 773 1908 meis
786 1845 1001 1908 auscultantem
1011 1863 1099 1926 posse

83 1943 112 1996 te
131 1934 286 2014 reliquum
304 1935 380 1995 vitae
399 1942 517 2014 tempus
536 1936 621 1996 firma
640 1935 808 1996 valetudine
828 1943 858 1996 et
880 1934 966 2012 plena
986 1935 1098 1996 incolu-

84 2025 187 2084 mitate
207 2021 385 2102 producere.
423 2022 563 2104 Corporis
582 2026 674 2103 igitur
697 2023 819 2084 humani
838 2023 872 2084 lit
890 2041 906 2084 a
924 2021 1010 2084 uobis
1030 2039 1098 2102 qua·
1119 2031 1135 2080 2

50 2128 72 2167 ao
85 2112 245 2191 dripertita
270 2111 387 2192 divisio,
417 2113 503 2174 cuius
531 2114 561 2174 in
591 2112 726 2192 partibus
750 2111 874 2192 singulis
898 2110 1100 2174 valetudinum

84 2201 251 2262 moderatio
271 2201 450 2262 continetur.
489 2200 566 2262 Sunt
584 2210 684 2263 autem
702 2209 802 2281 partes
820 2201 889 2264 bae:
915 2219 984 2264 cum
1003 2203 1100 2281 capite

84 2292 146 2350 oris
166 2287 343 2370 sublimitas,
361 2291 492 2367 pectoris
511 2287 633 2371 latebra,
651 2291 765 2352 ventris
783 2290 1015 2373 receptaculum,
1034 2309 1099 2353 sen·

85 2381 146 2439 tina
175 2379 301 2438 vesicae.
343 2376 375 2438 Si
402 2380 492 2456 capiti
519 2381 611 2457 igitur
639 2381 754 2440 eveniat
782 2381 1016 2462 incommodum,
1048 2387 1100 2442 aut

84 2465 228 2528 tenebrae
243 2465 438 2528 offunduntur
451 2473 503 2528 aut
516 2469 613 2528 cietur
631 2466 716 2528 dolor
735 2477 786 2530 aut
803 2477 910 2531 onusta
929 2471 1013 2549 quasi
1028 2486 1100 2548 pon·

52 2569 73 2610 25
86 2556 158 2616 dere
189 2554 348 2634 supercilia
376 2557 547 2616 sentiuntur
574 2563 626 2616 aut
650 2556 683 2616 ttt
706 2563 873 2638 temporum
896 2557 1001 2637 pulsus
1024 2557 1100 2618 adsi-

85 2645 163 2706 duus
188 2652 240 2704 aut
262 2643 497 2704 tumescentibus
520 2661 606 2704 mane
630 2644 724 2706 oculis
743 2645 849 2725 caligat
866 2646 1026 2726 adspectus
1049 2652 1101 2706 aut

85 2749 174 2794 aures
203 2732 336 2792 tinniunt
363 2740 394 2792 et
421 2741 542 2812 accepto
571 2733 699 2812 qarodam
726 2736 853 2796 interius
880 2735 1100 2796 tumultuantur

86 2838 169 2882 sono.
212 2817 265 2880 His
293 2837 364 2898 ergo
392 2823 485 2899 signis
515 2821 711 2884 existentibus
740 2831 829 2902 caput
856 2831 902 2884 est
924 2825 1100 2902 purgatione

87 2907 265 2986 curandum,
292 2909 345 2970 sed
373 2927 464 2988 super
490 2909 661 2972 huiusmodi
693 2919 792 2972 tamen
824 2910 934 2973 leviore
966 2911 1101 2994 medella,

53 3014 75 3053 ao
87 2998 194 3077 hysopi
216 2995 262 3056 vel
284 2999 397 3074 origani
416 2997 510 3060 ludici
528 3016 612 3060 coma
631 3001 740 3062 iniecta
758 2999 879 3062 defruto
897 3002 959 3062 sive
978 3000 1101 3082 mulsae,

159 3165 310 3236 iprimue.
384 3174 399 3222 9
419 3167 589 3224 valetudinis
609 3169 841 3226 invalitudinis
860 3177 919 3229 2m.
985 3176 1017 3226 15
1037 3188 1100 3241 pro·

89 3237 141 3308 prii
160 3237 329 3306 Stephanum
352 3239 479 3310 propriis.
568 3245 600 3296 tt
621 3240 853 3299 abausoultatem.
939 3247 973 3298 18
991 3241 1099 3297 valeta-

91 3309 152 3364 dine
170 3313 222 3364 tm
244 3308 321 3364 velit.
341 3313 400 3366 dm.
460 3315 494 3364 20
508 3310 704 3366 valitudinum.
768 3317 801 3366 et
817 3329 880 3370 com
895 3318 942 3370 im
962 3328 1025 3365 cum
1039 3314 1098 3368 2m.

91 3386 122 3436 ti
139 3380 232 3436 latera
250 3380 342 3436 littera
359 3381 379 3436 b
397 3397 483 3436 erasa
548 3387 583 3434 24
597 3381 775 3434 offendantur
789 3399 822 3436 eo
837 3382 1017 3436 offunduntur
1031 3397 1099 3437 corr.

92 3456 124 3505 26
141 3448 358 3505 inmiscenbibus
379 3455 430 3504 Im.
503 3455 538 3504 30
556 3449 646 3518 ysopi.
719 3449 791 3518 sire]
811 3449 866 3502 sibi
936 3447 1035 3502 mulsa.
