2540 3802
507 69 748 133 -184-

62 246 98 294 40
207 230 251 291 Nc
279 231 434 291 cicatrices
463 237 624 309 appareant
652 231 740 290 etiam
769 229 805 289 de
835 231 949 289 usturis
973 238 1003 290 et
1026 238 1061 292 ut
1083 232 1140 310 pili

118 327 327 400 renascantur,
355 318 446 380 iacies
474 317 531 378 tale
560 318 758 378 medicamen:
796 316 891 378 Calcis
915 319 997 378 vivae
1025 353 1061 362 —
1088 319 1139 402 lll,
1241 315 1242 354 ἶ

119 409 214 488 adipis
233 410 374 488 porcinae
393 413 495 468 coctae
515 415 545 468 et
563 406 675 468 colatae
695 405 802 466 lihram
816 409 964 486 permisce
979 415 1009 468 et
1026 418 1138 488 quanto

119 497 291 578 diligentius
314 505 378 558 tere
402 495 448 556 vel
467 495 598 557 conirica
618 503 706 576 atque
726 497 757 555 in
776 495 898 556 modum
918 495 1137 576 cataplasmatis

65 587 242 667 41adponc.
275 584 447 666 Mastichen,
471 592 668 665 personatam,
692 603 832 663 saponem
857 583 1011 665 Gallicum,
1037 603 1166 646 cerame

120 675 282 756 Ponticam,
306 675 406 736 oleum
423 680 518 748 vetus,
542 690 677 752 spumam
696 675 812 752 argenti
831 675 935 752 aequis
954 673 1140 752 ponderibus

119 764 261 826 miscebis
276 771 306 824 et
320 781 430 842 coques
450 762 486 823 ad
506 762 730 841 spissitudinem
749 761 860 842 liparae
879 769 968 841 atque
988 763 1058 823 inde
1078 783 1140 824 em-

120 853 266 934 plastrum
285 851 409 913 maculis
428 853 460 912 iu
479 851 553 912 facie
572 850 617 911 vel
636 850 765 930 pustulis
784 859 814 912 et
831 849 983 912 ulceribus
997 851 1140 930 adpones.

67 951 102 1000 42
210 941 253 1002 Ad
278 941 465 1020 nigredinem
489 948 519 1000 et
541 938 670 1000 maculas
695 939 763 1000 colli
791 947 821 1000 et
844 939 945 1001 vultus
967 941 1140 1018 purgandas

121 1032 246 1092 farinam
271 1030 307 1090 de
332 1029 397 1090 laba
421 1047 490 1090 oum
513 1047 617 1090 umore
641 1030 774 1109 peponis,
797 1029 827 1088 id
852 1036 899 1088 est
918 1046 989 1089 suco
1009 1031 1075 1090 eius
1094 1031 1183 1090 in-10

121 1121 248 1200 teriora,
275 1117 416 1178 miscebis
444 1125 475 1178 ct
502 1118 593 1178 iacies
622 1117 786 1178 trochiscos
813 1123 880 1177 octo
905 1124 935 1178 et
958 1117 1084 1179 siccabis
1108 1121 1143 1179 in

122 1205 242 1286 umhra3
266 1224 302 1266 ex
326 1213 393 1266 octo
417 1205 475 1266 illis
499 1214 644 1285 quantum
667 1205 797 1267 sufficiat
819 1213 900 1267 teres
924 1223 992 1266 ctrm
1014 1225 1091 1286 aqua
1110 1216 1143 1269 et

122 1294 230 1356 inlines
254 1293 384 1355 maculas
407 1301 495 1373 atque
519 1296 560 1354 ita
583 1296 678 1355 uteris
698 1301 765 1355 ante
785 1294 933 1375 balneum,
956 1303 990 1354 ut
1010 1297 1143 1357 siccetur

123 1382 234 1464 iulitio,
262 1391 292 1444 et
320 1385 363 1444 sic
390 1383 583 1464 ingredieris,
613 1390 643 1444 et
670 1401 739 1444 cum
766 1401 902 1444 umorem
930 1387 1082 1462 acceperis
1109 1387 1142 1446 in

125 1471 231 1550 calore,
254 1480 318 1533 tum
342 1471 518 1551 perfricabis
541 1479 571 1532 et
594 1471 685 1532 clues.
1157 1493 1182 1532 15

71 1569 104 1618 43
213 1561 258 1622 Ad
281 1569 429 1622 tumorem
453 1561 514 1621 sive
537 1560 661 1621 livorem
684 1560 721 1620 de
741 1559 815 1620 facie
835 1558 998 1620 tollendum
1018 1561 1143 1624 herbam

124 1649 269 1712 Rhodiam
294 1669 330 1711 ex
353 1659 437 1712 aceto
460 1651 561 1712 tritam
584 1648 676 1708 inline
700 1657 730 1709 et
750 1651 862 1708 siccare
885 1651 1026 1727 permitte
1051 1657 1143 1730 atque

70 1748 106 1796 44
124 1742 165 1800 ita
194 1739 268 1800 elue.
309 1739 429 1800 Urticae
457 1739 526 1800 lolia
555 1745 677 1799 contere
703 1739 820 1816 etipsa
843 1737 1048 1798 tantummodo
1072 1757 1144 1800 cum

126 1847 198 1890 suco
222 1847 276 1888 suo
300 1828 473 1890 cohibendis
497 1826 665 1889 tumoribus
684 1825 731 1886 vel
749 1824 902 1886 abolendis
921 1825 1064 1887 livoribus
1083 1827 1144 1888 sre-

127 1924 253 1996 quenter
277 1917 400 1996 adpone.
1159 1933 1185 1974 so

72 2013 106 2062 45
215 2005 259 2066 Ad
282 2022 373 2083 genas
396 2005 516 2066 scabras
539 2012 570 2065 et
593 2005 747 2065 cicatrices
771 2001 955 2064 maxillarum
975 2003 1144 2066 remedium

127 2096 183 2155 sic:
226 2094 396 2156 Chalcitidis
429 2093 584 2154 drachmas
616 2091 682 2173 XX,
716 2093 825 2170 misyos
858 2091 958 2152 drach.
990 2091 1028 2170 X,
1061 2097 1146 2156 croci

127 2182 227 2242 drach.
255 2181 306 2263 Vl,
333 2184 411 2243 turis
441 2181 596 2242 drachmas
619 2178 659 2260 X,
687 2198 803 2260 myrrae
831 2179 988 2240 drachmas
1011 2179 1042 2260 V,
1072 2200 1144 2261 opo-

128 2273 248 2350 panacis
262 2270 418 2330 drachmas
432 2268 464 2350 V,
483 2271 560 2330 aceti
578 2267 610 2329 a
624 2267 657 2350 V,
676 2268 772 2329 mellis
792 2270 897 2346 optimi
911 2265 943 2328 s
958 2269 985 2328 ll
1000 2267 1027 2329 8.
1060 2269 1144 2340 Quae

129 2359 208 2418 sicca
232 2365 301 2418 sunt
324 2359 433 2419 tundes
456 2365 487 2418 et
509 2360 540 2418 in
562 2357 715 2437 pulverem
736 2356 853 2436 rediges
872 2365 902 2417 et
921 2375 958 2417 ex
977 2376 1012 2418 eo
1031 2376 1144 2438 coques
1160 2376 1187 2416 rs

129 2465 197 2507 cum
225 2453 309 2506 aceto
337 2455 368 2507 et
393 2454 496 2526 postea
524 2446 610 2506 mede
643 2445 773 2506 admixto
806 2445 894 2506 simul
927 2449 1025 2506 omnia
1053 2453 1145 2530 teres,

129 2535 224 2596 donec
247 2535 431 2596 sufficienter
453 2535 637 2596 medicamen
656 2536 695 2594 sit
714 2536 843 2613 spissum
863 2533 909 2593 vel
934 2533 1089 2616 liquidum,
1115 2547 1146 2598 et

129 2627 160 2684 iu
184 2623 291 2704 pyxide
314 2641 400 2684 aerea
424 2642 517 2704 pones
542 2632 662 2684 etcum
686 2640 762 2701 opus
783 2624 882 2703 luerit,
907 2625 1001 2684 uteris
1020 2623 1056 2684 ad
1075 2643 1144 2703 per-

75 2720 110 2770 46
130 2713 266 2792 ungenda
295 2711 341 2772 vel
369 2711 589 2792 superlinienda
619 2719 795 2792 quaesunt.
841 2711 884 2771 dd
909 2729 1000 2790 genas
1024 2711 1146 2775 scabras

130 2811 160 2862 et
184 2801 319 2862 scabidas
343 2809 373 2862 et
395 2809 511 2862 veteres
535 2802 690 2860 cicatrices
709 2799 875 2860 remedium
894 2802 953 2860 sic:
976 2801 1061 2862 Aeris
1083 2805 1145 2864 usti
1162 2820 1189 2860 ao

130 2899 161 2950 et
188 2889 254 2971 loti,
281 2907 411 2972 myrrae,
439 2891 500 2969 opii
527 2888 682 2950 drachmas
709 2895 823 2970 ternas,
851 2889 983 2950 cadmiae
1006 2897 1091 2950 ustae
1116 2900 1147 2953 et

131 2980 278 3040 extinctae
306 2980 375 3039 rino
398 2979 554 3040 drachmas
577 2983 658 3058 octo;
685 2976 759 3037 haec
786 2979 817 3036 in
844 2977 998 3057 pulverem
1025 2978 1147 3040 redacta

131 3085 166 3129 er
187 3087 261 3148 aqua
280 3068 400 3128 fontana
419 3067 465 3128 vel
484 3067 604 3128 caelesti
623 3074 711 3146 teres,
731 3065 824 3126 donec
841 3065 915 3126 levia
936 3068 1004 3146 sint,
1028 3076 1058 3128 et
1077 3085 1148 3129 cum

131 3156 277 3236 glutinosa
297 3157 418 3240 luerint,
442 3156 623 3236 superaddes
642 3153 738 3216 mellis
757 3155 861 3232 optimi
880 3155 1047 3233 despumati
1066 3165 1148 3236 coty-

130 3245 188 3306 lam
217 3265 319 3329 urnam,
348 3247 454 3308 deinde
482 3243 671 3324 perfricando
699 3241 746 3303 vel
768 3241 892 3302 terendo
916 3243 1148 3323 concorporabis
1161 3262 1188 3303 es

132 3337 230 3394 omnia
258 3345 288 3396 et
316 3338 347 3395 in
375 3334 482 3416 pyxide
507 3351 592 3394 aerea
618 3332 729 3394 condes
752 3337 782 3390 et
805 3348 873 3390 curm
898 3330 1028 3392 volueris
1051 3335 1148 3394 uteris

132 3420 167 3478 ad
192 3423 412 3500 superlinienda
436 3441 511 3502 quae
535 3429 613 3482 sunt.
