2564 3794
486 136 726 199 -141-

96 299 180 378 salis,
208 299 298 378 aceti,
330 296 439 375 mellis,
469 295 528 356 olei
554 299 664 357 veteris
692 315 801 376 aequas
829 307 929 376 partes
958 301 988 360 in
1017 317 1110 361 unum

95 388 218 448 misceri
241 394 359 464 oportet
383 393 412 446 et
435 403 502 445 cum
528 403 602 464 opus
626 386 730 464 fuerit,
753 388 843 464 pinna
866 388 1028 466 perfricare
1048 389 1109 450 fau·

96 494 148 536 ces
175 475 289 536 diutius
317 473 493 534 laborantes.
539 473 613 534 ltem
641 473 717 535 bene
745 475 816 535 facit
844 483 874 535 et
902 475 958 537 hoc
983 477 1144 540 medica-3

95 573 230 624 mentum
260 565 458 642 compositum
486 564 543 623 sic:
580 561 630 623 Git
656 564 738 623 fricti
765 562 790 622 Χ
814 562 854 643 ll,
881 564 1016 643 pyrethri
1044 565 1109 646 ill,

67 654 238 731 ssagapeni
259 653 408 712 victoriati
430 651 561 731 pondus3
591 653 662 711 trita
685 651 758 711 haec
782 670 850 712 cum
873 652 960 712 melle
984 655 1109 714 miscen-

95 749 146 802 tur
170 748 201 800 et
223 742 263 800 ita
286 740 422 801 faucibus
445 738 631 800 adhibentur.
667 739 751 800 Facit
768 739 844 800 hene
864 749 894 800 ct
912 741 1109 802 medicamen·
1127 755 1145 803 4

96 838 160 890 tum
180 828 236 889 hoc
255 829 452 907 compositum
472 830 528 888 sic:
550 827 640 888 Follis
659 830 770 888 taurini
788 827 813 888 Χ
832 827 867 903 11,
887 831 952 890 suci
971 847 1108 890 cucuma·

96 920 139 978 ris
159 917 284 978 silvatici
297 916 323 977 Χ
338 917 359 998 l,
378 916 520 995 cachryos
540 923 570 976 et
589 919 678 976 misni
695 916 856 976 animati}
873 917 1019 998 singulos3
1039 919 1109 978 trita

94 1006 169 1066 haec
188 1005 275 1066 melle
293 1006 423 1066 admixto
442 1012 642 1084 reponuntur3
662 1023 729 1066 com
749 1023 824 1086 opus
844 1013 898 1086 est,
918 1006 1109 1086 aquatepida

53 1112 86 1150 1o
96 1094 253 1155 diluuntur
276 1102 307 1154 et
329 1094 430 1155 fauces
453 1093 560 1153 exinde
583 1101 792 1172 perunguntur
813 1105 1020 1174 cogunturque
1039 1095 1108 1156 inde

96 1201 185 1262 quam
212 1181 374 1261 plurimum
401 1183 543 1242 devorare
572 1184 624 1260 qui
656 1183 785 1242 faucium
815 1183 917 1243 dolore
950 1191 1107 1264 vexantur;

95 1270 184 1332 solvit
209 1273 288 1330 enim
311 1278 445 1331 ventrem
470 1273 563 1331 etita
588 1270 846 1332 vehementissime
865 1272 996 1351 prodest.
1032 1271 1142 1333 ltemc

95 1359 171 1420 hene
191 1360 262 1420 facit
278 1366 308 1419 et
326 1359 382 1420 hoc
397 1359 658 1420 medicamentum:
676 1359 944 1422 Hirundininorum
958 1360 1108 1440 pullorum

96 1455 269 1508 exustorum
290 1449 399 1508 cineris
419 1448 444 1508 Χ
463 1448 484 1528 l,
503 1447 608 1528 hysopi
627 1447 651 1507 Χ
671 1447 692 1528 l,
711 1450 782 1509 nitri
802 1447 864 1531 iil,
882 1451 994 1528 piperis
1014 1449 1038 1510 Χ
1061 1467 1105 1509 se·

55 1554 81 1595 ιε
96 1539 226 1618 missem,
245 1536 349 1597 laseris
372 1534 452 1597 ΧΙΙ.
484 1535 547 1596 lioc
571 1537 786 1598 medicamento
810 1545 840 1598 et
863 1540 981 1616 saepius
1005 1539 1106 1598 fauces

95 1633 126 1686 et
149 1627 284 1704 pressius
309 1626 408 1686 fricari
432 1633 558 1702 oportet.
600 1625 700 1685 hlultis
720 1633 750 1686 et
772 1625 830 1686 hoc
849 1626 961 1703 profuit
979 1626 1142 1686 medica-c

94 1723 243 1775 mentum:
266 1713 357 1794 Costi,
381 1715 449 1792 opii,
472 1715 563 1791 anesi,
586 1713 717 1792 schoeni,
740 1715 836 1774 casiae
860 1715 953 1793 rufae,
978 1713 1107 1792 singulo·

94 1821 162 1863 rum
187 1803 212 1862 Χ
235 1801 334 1880 binos,
358 1804 401 1881 git
424 1801 449 1860 Χ
469 1801 495 1882 i,
523 1803 631 1861 amomi
658 1803 806 1862 victoriati
828 1802 945 1881 pondus
969 1801 994 1882 l,
1021 1804 1107 1882 asari,

95 1891 176 1970 quod
201 1899 247 1951 est
271 1909 382 1972 semen,
406 1889 485 1970 illl,
508 1889 646 1950 aluminis
669 1889 732 1949 frssi
755 1889 821 1971 iil,
844 1888 936 1968 gallae
960 1890 1040 1969 quod
1061 1899 1107 1950 cst

54 1997 81 2036 so
95 1979 226 2040 medium
250 1979 452 2058 magnitudine
476 1979 582 2038 ciceris
600 1977 707 2055 pilulas
728 1995 852 2038 numero
872 1977 904 2059 V,
927 1980 1009 2038 croci
1027 1977 1052 2037 Χ
1071 1977 1107 2059 ll,

95 2071 340 2147 crocomagmatis
362 2069 509 2128 victoriati
528 2066 654 2146 pondus,
678 2084 794 2145 myrrae
813 2068 961 2127 victoriati
979 2066 1105 2146 pondus,

95 2156 428 2218 aristolociaeGraecae
449 2155 474 2215 Χ
493 2155 555 2235 llll,
579 2157 706 2215 cinnami
726 2154 750 2216 Χ
770 2154 819 2234 lli,
843 2155 1037 2215 hirundinum
1057 2155 1105 2215 sil·

1 2269 2 2286 ¹
95 2247 239 2305 restrium
267 2251 441 2306 exustorum
469 2244 617 2323 pullorum
646 2245 756 2304 cineris
779 2243 804 2302 Χ
826 2242 864 2324 V,
894 2243 979 2304 nardi
1006 2246 1106 2322 spicae

95 2335 244 2394 victoriati
258 2333 383 2412 pondus.
411 2332 497 2392 Melle
511 2333 609 2393 Attico
629 2332 802 2410 despumato
821 2331 1106 2411 conprehenduntur

55 2421 169 2482 achaeo
197 2423 294 2482 omnia
323 2421 480 2500 diligenter
507 2422 590 2501 trita3
619 2437 687 2481 cum
715 2429 813 2481 autem
843 2439 918 2499 opus
946 2421 1037 2482 fuerit
1059 2439 1105 2482 re-

94 2513 193 2589 parari
215 2509 274 2571 hoc
296 2510 559 2590 medicamentum,
582 2509 727 2569 adicietur
751 2509 829 2588 qciod
853 2512 925 2570 satis
948 2511 1006 2574 erit
1029 2512 1106 2571 cius·

95 2599 162 2660 dem
186 2598 282 2659 mellis
306 2607 336 2659 et
359 2601 403 2659 sic
425 2598 561 2659 faucibus
584 2600 742 2658 inseretur.
783 2597 846 2659 Hoc
869 2598 951 2658 Liria
973 2598 1105 2676 Augusta

95 2705 214 2766 semper
233 2689 430 2766 compositum
449 2686 551 2748 hahuit
570 2693 600 2747 et
614 2687 802 2746 reconditum
817 2690 848 2746 in
862 2687 981 2747 vasculo
996 2690 1105 2768 vitre03

95 2777 166 2836 facit
189 2779 269 2836 enim
293 2777 418 2836 mirifice
441 2775 597 2835 adversum
620 2776 756 2854 anginam
781 2783 811 2836 et
833 2775 1011 2855 synanchen.

55 2881 82 2921 co
183 2864 430 2926 Medicamentum
454 2865 489 2923 ad
509 2866 655 2945 anginam,
679 2864 758 2942 quod
776 2863 943 2944 devoratur,
963 2871 1106 2943 quantum
1126 2875 1140 2923 i

96 2953 188 3031 digito
207 2972 268 3013 uno
287 2952 351 3014 tolli
369 2953 414 3012 vel
434 2951 531 3030 colligi
549 2960 657 3033 potest,
676 2955 865 3031 componitur
884 2970 920 3012 er
938 2953 998 3013 his:
1021 2951 1104 3012 Rhus

96 3041 209 3121 Syriaci
219 3042 333 3102 denarii
346 3043 507 3120 semissem,
521 3040 627 3120 hysopi
636 3041 820 3119 tantundem,
835 3059 974 3119 ceparum
986 3040 1104 3120 Cypria-

94 3148 162 3190 rum
190 3133 286 3209 capita
315 3133 383 3210 tria,
411 3128 515 3189 laseris
543 3129 696 3208 Cyrenaici
724 3137 866 3208 quantum
895 3132 958 3189 ervi
980 3147 1105 3207 granum

95 3225 152 3298 est,
176 3221 238 3278 vini
260 3219 337 3279 hene
361 3219 475 3278 odorati
499 3217 620 3297 cyathos
643 3225 713 3278 tres.
760 3217 834 3278 Cum
858 3219 925 3276 vino
952 3235 1041 3295 cepae
1065 3219 1105 3277 ita

100 3459 103 3468 .
167 3425 236 3477 oei
254 3429 319 3492 post
340 3423 411 3479 bene
432 3440 482 3478 om.
573 3427 730 3489 acacryos.
822 3426 855 3474 13
877 3421 1105 3476 herundinorum.

1 3525 2 3530 κ
98 3499 130 3549 15
151 3495 394 3549 medicamentum.
468 3500 501 3549 16
521 3493 634 3563 oportit.
706 3498 740 3546 22
759 3491 952 3548 harundinum.
