2564 3794
554 129 792 194 -144-

109 306 145 354 29
166 295 309 353 venietur.
355 291 471 352 Herbae
499 291 726 371 proserpinalis‚
753 310 830 371 quae
853 292 1034 351 draconteon
1058 289 1178 371 dicitur,
1260 303 1261 332 1

165 383 310 442 contritae
330 398 402 442 suco
421 380 583 441 admisceto
602 379 708 440 salsam
723 398 827 460 aquam
844 388 874 440 et
888 378 945 439 olei
963 396 1068 458 parum
1088 386 1178 457 atque

165 470 233 530 inde
257 469 387 548 linguam
411 476 442 529 et
465 487 540 548 quae
564 477 634 529 sunt
658 471 739 530 circa
766 468 896 547 linguam
924 477 953 527 et
981 467 1082 528 fauces
1110 485 1178 544 per-

111 569 146 618 30
165 560 279 639 fricato,
299 558 393 619 donee
407 567 513 638 vomat,
532 560 581 618 cui
600 557 767 637 medebam,
787 559 846 618 cito
861 555 1022 617 sanabitur.
1050 555 1177 616 Alumen
1261 564 1262 622 l

164 649 269 708 tritum
298 665 333 707 ex
361 664 450 725 posca
478 648 693 725 gargarizatum
721 647 845 724 anginae
873 643 1018 705 molestiis
1046 644 1206 722 prodesto

109 745 144 794 et
163 736 231 796 Lini
259 753 362 797 semen
389 745 420 795 et
448 735 589 796 anethum
616 751 685 795 cum
715 733 776 794 sale
804 743 834 794 et
861 733 927 794 oleo
955 742 986 793 et
1013 741 1098 793 aceto
1128 733 1179 792 de-

110 835 145 882 32
165 832 283 886 coctum
310 823 386 885 bene
415 833 518 884 contra
541 825 671 884 lancium
695 822 812 883 dolores
835 820 1039 900 gargalizatur.
1084 819 1179 882 Nucis
1262 898 1263 902 Ἰ

164 913 311 993 iuglandis
339 911 439 973 nuclei
466 915 531 973 triti
558 931 626 974 cum
654 919 720 973 ruta
750 920 780 972 et
807 910 872 971 oleo
896 911 1018 988 inpositi
1041 909 1178 970 saucibus
1262 905 1263 958 l

26 1053 33 1071 ,
110 1011 144 1060 33
163 1010 298 1082 prosunt.
335 1001 489 1063 Rubornm
513 1001 612 1061 caules
630 1002 727 1062 teneri
744 1008 884 1061 teruntur
903 1016 1054 1078 sucusque
1072 1016 1178 1058 eorum
1262 995 1263 998 ’

165 1109 324 1169 expressus
352 1092 436 1149 etin
460 1091 521 1150 sole
545 1091 722 1169 coagitatuS,
750 1089 844 1149 donec
868 1089 1015 1167 spissatur
1037 1087 1074 1147 ad
1098 1105 1178 1148 cras·
1193 1106 1219 1147 ιο

164 1178 327 1237 situdinem
350 1176 458 1258 mellis,
488 1177 524 1236 ab
553 1179 696 1237 interiore
722 1185 807 1254 parte
835 1176 970 1237 saucibus
998 1183 1028 1236 et
1050 1177 1179 1254 gingivis

110 1273 146 1322 34
164 1264 267 1325 inlitus
289 1265 451 1343 plurimum
475 1264 605 1343 prodest.
644 1263 747 1324 Pullus
770 1265 940 1325 hirundinis
963 1264 1108 1324 silvestris
1132 1264 1179 1324 vel

163 1352 270 1413 melius
290 1355 316 1413 si
330 1351 496 1432 ripariolae,
515 1359 597 1412 certe
611 1353 700 1412 etiam
714 1351 903 1434 domesticae,
922 1371 1008 1414 assus
1022 1352 1068 1412 vel
1082 1351 1179 1413 elixus

165 1448 316 1502 comestus
343 1442 480 1519 anginam
509 1439 694 1501 velocissime
723 1442 950 1520 certissimeque
979 1447 1074 1520 sanat,
1104 1441 1178 1502 adeo

163 1537 197 1590 ut
219 1529 369 1590 hominem
393 1529 430 1589 ab
453 1529 510 1590 hoc
534 1529 638 1590 morbo
662 1547 717 1608 per
739 1535 836 1589 totum
859 1547 970 1590 annum
993 1531 1178 1590 tutissimum
1194 1549 1220 1591 11

162 1626 301 1698 praestet.

109 1717 144 1763 35
252 1708 297 1768 ld
317 1707 466 1786 parotidas
485 1707 630 1768 sedandas
650 1706 796 1786 asphodili
813 1705 924 1768 herbae
942 1707 1027 1768 radix
1045 1707 1178 1768 involuta

163 1795 227 1856 lana
256 1797 338 1856 lusca
367 1804 397 1856 et
425 1798 504 1856 circa
532 1795 641 1857 collum
672 1813 815 1875 suspensa
847 1796 980 1856 remedio
1014 1796 1178 1875 plurimum

109 1893 143 1941 36
163 1887 229 1947 erit.
252 1883 405 1945 Brassicae
420 1887 530 1964 stirpes
546 1883 620 1961 [sive
636 1882 767 1964 stipites]
782 1884 928 1945 arefactae
943 1883 989 1944 rel
1003 1883 1177 1946 combustae

163 1980 193 2034 et
220 1975 251 2033 in
278 1972 431 2052 pulverem
455 1973 592 2033 redactae
618 1983 648 2033 et
671 1991 740 2034 cum
763 1975 889 2052 axungia
912 1981 1012 2034 vetere
1036 1972 1177 2034 subactae
1193 1993 1220 2033 ao

163 2070 252 2142 atque
280 2062 440 2141 emplastro
468 2061 594 2122 alutacio
620 2061 807 2140 parotidibus
834 2063 980 2139 inpositae
1010 2064 1081 2122 satis
1107 2080 1177 2140 pro·

110 2159 144 2208 31
164 2160 243 2213 sunt.
284 2150 400 2229 Lupino
424 2149 518 2210 crudo
542 2149 627 2209 deme
651 2149 797 2210 folliculos
821 2158 909 2228 atque
933 2168 969 2210 ex
993 2168 1028 2210 eo
1052 2151 1177 2211 farinam

164 2243 368 2300 tenuissimam
393 2240 490 2320 facito,
514 2255 602 2317 quam
625 2237 712 2298 melle
736 2237 888 2299 subactam
907 2241 971 2299 vice
994 2239 1177 2317 malagmatis

164 2329 350 2406 parotidibus
374 2328 513 2408 adponaS,
534 2327 676 2386 continuo
696 2326 815 2387 dolores
833 2335 1026 2405 tumoresque
1045 2326 1177 2408 sedabis3

164 2416 243 2476 idem
266 2423 398 2494 praestat
421 2424 451 2476 et
474 2433 542 2476 cum
566 2423 650 2474 aceto
674 2415 815 2476 decoetus
839 2415 1035 2494 similiterque
1059 2415 1175 2494 adposi·
1191 2435 1221 2476 aa

110 2512 145 2560 38
164 2511 221 2565 tus,
254 2503 352 2564 Herba
372 2503 499 2564 verbena
519 2521 588 2563 cum
607 2503 774 2582 plantagine
793 2505 824 2563 in
843 2522 895 2564 ore
914 2507 1041 2565 contrita
1060 2505 1176 2565 adiecto

163 2592 281 2652 modico
302 2592 371 2653 salis
389 2611 444 2671 pro
459 2591 619 2671 emplastro
634 2592 767 2670 adposita
785 2593 936 2670 parotidas
950 2594 1025 2653 mire
1040 2594 1176 2673 discutit3

164 2699 239 2760 quas
262 2698 330 2740 cum
354 2683 514 2762 aperuerit,
538 2680 671 2740 detracto
696 2679 755 2740 sale
775 2681 836 2740 sola
855 2684 983 2742 contrita
1002 2691 1033 2742 et
1048 2683 1176 2760 inposita

110 2777 145 2826 39
165 2769 303 2830 celeriter
331 2769 446 2829 sanabit
472 2787 528 2829 nec
552 2771 721 2829 cicatricem
745 2787 879 2848 magnam
903 2769 999 2836 faciet.
1043 2769 1176 2830 Noctnae

164 2861 248 2918 iecur
272 2857 429 2936 diligenter
453 2864 602 2918 servatum
625 2865 714 2936 atque
734 2876 769 2918 ex
788 2868 941 2936 unguento
960 2858 1085 2918 nardino
1104 2859 1175 2918 trito
1191 2877 1221 2918 eo

164 2946 306 3006 auriculis
325 2946 451 3008 subinde
470 2946 603 3006 inlusum
621 2945 760 3006 celeriter
778 2947 945 3024 parotidum
965 2948 1068 3007 vitium
1087 2963 1175 3005 omne

110 3046 146 3095 40
163 3044 311 3114 persanat.
352 3034 452 3096 Ostrei
479 3043 623 3096 testarum
651 3034 872 3095 combustarum
899 3037 974 3096 cinis
997 3052 1064 3095 cum
1088 3032 1175 3094 melle

111 3135 146 3184 41
165 3125 313 3203 inpositus
338 3123 488 3203 parotidas
517 3125 577 3184 cito
605 3122 699 3184 solvit.
752 3124 835 3202 Aqua
863 3126 975 3184 marina
1002 3122 1101 3202 tepida
1128 3121 1177 3182 vel

164 3231 201 3279 ex
228 3215 343 3275 marino
371 3212 431 3273 sale
453 3213 564 3274 inlecta
586 3212 736 3292 parotidas
760 3212 872 3290 sfongia
895 3214 980 3291 prius
1003 3211 1082 3292 elue,
1110 3219 1177 3272 tum

185 3489 191 3500 ι
234 3421 401 3547 talemenp
415 3421 502 3502 alium
520 3421 596 3476 Plias.
652 3424 685 3472 12
707 3416 857 3474 arundinis.
917 3422 950 3471 10
969 3416 1092 3488 stipites]
1112 3418 1176 3472 shir-

164 3491 246 3559 ptbes.
318 3499 351 3547 at
372 3494 500 3549 autam.
