2636 3790
593 115 812 178 ..10-

198 278 281 358 lacit,
301 279 433 337 nascitur
448 277 537 336 etiam
551 274 619 336 bilis
634 276 717 336 acida
732 283 762 336 et
776 293 882 355 amara,
899 293 974 353 quae
990 275 1101 336 dicitur
1116 283 1213 336 mater

197 365 380 426 morborum.
412 363 485 424 Bilis
500 365 579 424 enim
594 381 662 424 cum
678 373 733 446 est,
748 366 877 425 concitat
892 363 1013 424 calores.
1047 363 1089 424 De
1103 365 1214 442 pituita

197 455 352 534 perfrictio
375 455 521 534 nascitur,
550 471 625 532 quae
650 453 720 514 tacit
743 452 874 514 dolorem
898 453 1123 534 intestinorum,
1152 460 1214 514 tor-

198 545 297 604 siones
311 544 400 603 etiam
414 541 665 622 inflationemque,
682 560 757 620 qnae
773 559 883 620 corpus
897 549 1045 602 extenuat.
1084 541 1214 621 Sanguis

197 642 297 694 antem
320 651 335 692 a
359 633 451 692 nimio
474 630 542 692 cibo
565 632 714 709 nimiaque
737 632 858 710 potione
882 632 988 709 incipit
1010 629 1162 690 abundare
1183 639 1214 692 et
1242 647 1256 687 s

197 721 344 782 cruditate
374 721 589 798 conrumpitur.
631 717 689 788 Qui
717 737 785 780 cum
809 725 949 798 evagatur
976 726 1060 780 extra
1088 736 1213 780 cursum

196 818 329 890 naturae,
352 809 442 870 infert
465 807 562 887 aliqua
582 809 702 887 corpori
718 810 797 888 vitia,
817 816 847 868 et
865 810 896 868 in
916 825 1102 886 quacumque
1125 815 1211 886 parte

198 905 363 978 conruptus
381 895 527 978 incubuit,
546 897 648 974 fatigat
667 904 697 956 et
715 895 813 957 laedit.
850 895 924 956 Nam
942 899 1063 974 sanguis
1082 898 1212 956 animam

197 1005 317 1067 quoque
340 989 424 1047 vitiat
447 995 477 1046 et
499 985 568 1046 indo
588 1003 621 1046 os
640 985 769 1046 bominis
787 986 894 1063 incipit
917 985 1019 1045 letare.
1066 984 1140 1046 Cum
1164 992 1212 1045 cst

197 1094 268 1154 ergo
283 1078 399 1152 integer
413 1076 543 1154 sanguis,
562 1076 688 1134 animam
704 1076 767 1133 sine
782 1071 873 1134 dubio
888 1073 1052 1155 confirmat,
1068 1081 1102 1134 ut
1115 1076 1212 1152 possit
1227 1090 1253 1130 10

197 1163 291 1242 frigus
311 1163 499 1240 caloremque
518 1162 626 1222 fortius
645 1164 802 1224 sustinere.
835 1161 873 1222 lt
892 1181 961 1222 cum
979 1161 1109 1222 abundat
1129 1180 1211 1222 cum·

197 1269 254 1330 que
279 1251 375 1312 calore
399 1253 512 1312 animae
536 1253 757 1331 conrumpitur,
781 1251 814 1310 fit
838 1253 950 1331 sanies3
981 1259 1044 1311 tum
1068 1257 1097 1310 et
1120 1249 1212 1311 bilem

196 1349 290 1400 atram
314 1338 475 1412 concitabit
498 1346 528 1400 et
551 1339 680 1400 calorem
702 1339 854 1400 interdum
873 1357 906 1399 ac
925 1339 1019 1417 frigus
1039 1339 1128 1399 faciet
1146 1357 1211 1400 cor-

196 1431 321 1508 porique
346 1431 484 1489 universo
507 1427 681 1506 languorem
702 1430 876 1507 animaeque
895 1427 1004 1488 malum
1023 1427 1145 1488 odorem
1164 1427 1212 1488 vel

160 1523 178 1572 t
197 1516 359 1578 anhelitum
382 1517 478 1577 faciet.
515 1515 579 1586 Quo
604 1516 720 1577 facilius
739 1518 832 1596 igitur
851 1516 1013 1576 commodis
1032 1514 1210 1577 valetudinis
1226 1534 1254 1575 15

196 1605 331 1666 fruamur
354 1613 384 1666 et
407 1605 593 1666 incommoda
617 1607 756 1686 vitemus,
780 1607 979 1684 prognostica,
1002 1605 1033 1664 id
1057 1612 1103 1665 est
1125 1624 1210 1684 prae·

196 1696 348 1756 currentia
370 1696 449 1776 vitia,
469 1695 562 1772 signis
586 1693 771 1755 naturalibus
795 1711 1008 1772 cognoscamus
1032 1695 1210 1773 cognitaque

197 1783 396 1865 emendemus,
410 1801 448 1844 ne
462 1782 616 1843 mortifera
630 1783 709 1843 fiant.
742 1781 889 1852 Quattuor
903 1784 995 1860 igitur
1010 1781 1210 1861 disponuntur

196 1873 330 1950 corporis
349 1881 459 1952 partes,
478 1873 564 1932 cuius
583 1873 666 1950 origo
685 1873 716 1930 in
736 1873 833 1950 capite
848 1878 938 1931 estet
953 1870 1081 1951 thorace,
1101 1871 1208 1932 deinde
1273 1917 1274 1920 ,

197 1967 300 2020 venter
323 1962 460 2040 sequitur
484 1967 514 2021 et
537 1962 644 2022 vesica.
680 1959 723 2020 lta
747 1977 817 2037 ergo
841 1959 975 2020 locorum
998 1961 1125 2020 istorum
1148 1963 1207 2020 sin·
1222 1977 1249 2018 ao

160 2055 176 2104 o
196 2067 280 2109 ceras
303 2059 388 2110 notas
411 2066 634 2126 cognoscemus.
680 2047 815 2108 Hominis
838 2049 903 2108 sani
925 2049 1011 2108 urina
1035 2066 1121 2109 mane
1144 2049 1209 2110 alba

195 2139 261 2218 erit,
280 2145 347 2198 ante
366 2137 525 2216 prandium
543 2137 618 2212 ruia,
641 2139 742 2215 pransi
765 2154 872 2197 rursus
893 2137 1026 2218 candida,
1049 2139 1122 2198 item
1140 2146 1208 2198 ante

195 2243 299 2286 cenam
321 2243 433 2285 russea.
470 2224 531 2286 Nec
555 2243 609 2303 ego
632 2232 731 2285 tamen
753 2227 962 2286 necessitatem
980 2226 1147 2304 prandendi
1165 2229 1208 2286 in-

195 2316 290 2393 posui,
309 2313 361 2372 sed
379 2315 472 2390 magis
491 2315 607 2373 urinam
622 2323 652 2373 et
666 2321 800 2393 tempora
814 2313 958 2375 naturalia
972 2314 1097 2375 ostendi.
1135 2313 1208 2376 Can·

195 2399 263 2460 dida
287 2402 366 2460 enim
389 2403 476 2460 urina
499 2401 588 2462 debet
611 2419 690 2482 esse,
718 2402 771 2463 ubi
794 2402 926 2463 cruditas
949 2421 1009 2463 non
1033 2410 1092 2484 est,
1121 2421 1207 2464 mane
1221 2421 1248 2462 as

195 2490 296 2568 quieto
320 2507 455 2568 corpore,
479 2489 585 2550 deinde
609 2499 708 2551 motus
730 2493 795 2570 ipse
818 2498 848 2551 et
866 2489 1064 2552 deambulatio
1090 2494 1207 2553 urinam

194 2576 296 2637 turbat
330 2579 498 2656 excitatque
530 2580 659 2639 vesicam
691 2579 818 2658 ideoque
846 2579 1006 2640 coloratior
1033 2581 1074 2641 nt.
1115 2580 1207 2667 9uod
1272 2625 1273 2670 ,

195 2668 222 2725 si
243 2683 329 2726 mane
353 2668 438 2727 urina
462 2669 621 2728 mutaverit
644 2667 782 2748 colorem,
806 2667 936 2728 ostendit
959 2667 1083 2730 subesse
1102 2671 1207 2732 vitium
1272 2685 1273 2730 t

159 2761 175 2810 6
195 2755 385 2834 infirmitatis,
405 2755 483 2833 quod
500 2762 599 2816 tamen
613 2758 743 2836 propriis
758 2756 877 2817 indiciis
891 2755 1099 2835 intellegimus.
1133 2758 1206 2820 Cum

195 2844 274 2902 enim
293 2861 309 2902 a
329 2844 425 2922 eapite
443 2843 566 2905 morbus
585 2846 691 2925 oritur,
710 2843 785 2906 solet
802 2847 907 2924 capitis
926 2844 1010 2905 dolor
1029 2864 1204 2929 conparere3
1219 2865 1246 2906 ac
1272 2865 1273 2913 i

194 2938 267 2991 tunc
286 2939 316 2992 et
334 2932 492 3010 supercilia
511 2941 678 3014 gravantur,
697 2941 832 3011 tempora
850 2933 967 3014 saliunt,
986 2951 1074 2995 aures
1092 2946 1206 3018 sonant,

194 3018 274 3080 oculi
292 3018 455 3100 lacrimant,
474 3039 563 3081 nares
582 3021 712 3100 repletae
732 3021 854 3082 odorem
873 3040 933 3082 non
952 3024 1094 3084 sentiunt.
1132 3023 1205 3086 Cum

194 3126 231 3167 ex
253 3107 301 3168 his
324 3126 395 3186 ergo
419 3107 529 3187 aliquid
553 3110 668 3190 accidit,
692 3118 781 3190 caput
803 3113 926 3190 purgari
948 3119 1067 3189 oportet
1087 3112 1143 3174 bac
1161 3132 1205 3173 ra·

193 3198 283 3258 tione.
320 3195 432 3277 Hysopi
460 3206 510 3259 aut
538 3198 653 3260 cunilae
680 3198 808 3260 bubulae
837 3198 1010 3260 fasciculum
1039 3219 1108 3262 cum
1131 3220 1206 3281 aqua

264 3339 280 3388 3
299 3331 451 3404 torsiones]
470 3334 561 3388 tortor
578 3336 620 3390 oet
638 3336 737 3390 tortus.
797 3341 813 3389 6
829 3337 963 3404 evagatur
976 3337 1090 3407 scripsi:
1108 3351 1204 3392 eraca-
1271 3319 1272 3352 ³

191 3404 238 3459 bur
260 3406 317 3460 cod.
342 3408 494 3460 evacuatur
513 3405 671 3462 Carnarius.
764 3412 796 3462 12
819 3405 914 3460 anima
932 3413 992 3465 2m.
1080 3413 1112 3462 15
1131 3408 1205 3464 vale·
1271 3407 1272 3436 ¹

192 3474 299 3531 tudinis
318 3481 367 3532 1m
386 3474 550 3531 valitudinis
569 3483 629 3535 2m.
703 3483 737 3533 30
756 3479 929 3550 comparere]
948 3482 1125 3563 temperare..
