2528 3814
522 112 759 178 -286-

133 275 231 336 voluta
253 292 351 353 panno
374 274 467 336 rubro
490 283 607 354 portata
630 275 666 337 ab
690 294 739 357 eo,
762 279 812 338 cni
834 278 966 339 remedio
990 297 1066 358 opns
1090 289 1147 364 est,

77 376 111 426 88
130 363 309 443 profluvium
332 365 447 424 ventris
470 365 535 425 eius
558 363 713 426 inhibebit.
759 364 849 428 118888
872 366 1035 428 conbustae
1060 376 1091 429 et
1115 372 1147 430 in

130 452 283 532 pulverem
307 453 445 514 redactae
468 460 557 534 atque
581 453 721 514 subactae
745 473 813 516 eum
835 464 918 516 aceto
938 463 967 516 et
986 474 1003 516 a
1021 465 1146 536 pectore

130 541 291 603 laborantis
319 544 477 621 inguinum
503 550 591 603 tenus
619 542 719 603 inlitae
747 543 926 604 validissime
954 544 1147 624 adstringunt

76 643 110 694 89
128 631 307 710 profluvium
322 631 577 711 deiectionemque
591 633 712 692 ventris.
741 631 802 693 Ros
816 635 964 694 marinum
978 653 1047 694 cum
1062 645 1146 697 88888
1159 651 1173 691 8

130 719 210 780 molli
237 721 342 780 tritum
370 727 401 780 et
428 739 496 781 cum
524 727 607 780 aceto
635 721 752 782 modico
778 723 876 782 ventri
898 724 1064 801 inpositum
1088 724 1146 785 alvi

76 822 110 872 98
129 808 308 888 profluvium
337 811 425 870 sistit.
465 808 545 870 Rubi
572 811 674 888 spinae
702 809 818 870 radices
847 817 876 870 et
904 810 1023 872 coliculi
1046 817 1145 874 teneri

129 917 197 960 cum
225 900 293 958 vino
321 897 446 960 Amineo
473 907 592 959 austero
621 898 658 958 ad
685 901 789 960 tertias
816 898 1027 978 decoquuntur
1053 910 1145 980 atque

130 1006 165 1048 ex
189 1005 225 1046 eo
248 989 316 1047 vino
340 986 464 1066 cyathus
487 987 524 1047 ad
548 987 626 1048 diem
647 988 748 1052 ieiuno
767 990 880 1048 ventris
898 987 1044 1068 profluvio
1060 988 1143 1049 labo-

129 1078 208 1137 ranti
230 1077 315 1154 potui
337 1075 425 1136 datus
449 1077 558 1154 optime
582 1075 759 1148 medebitur.
1158 1093 1185 1132 ιο

75 1178 108 1225 98
217 1162 317 1223 Herba
340 1162 530 1243 oxylapatbos
554 1182 622 1224 oum
647 1167 759 1225 semine
783 1184 837 1226 suo
861 1164 943 1226 arida
962 1168 1090 1228 contrita
1112 1176 1144 1228 88

129 1270 165 1311 ex
192 1252 261 1311 vino
290 1250 384 1310 calido
413 1260 481 1330 pota
503 1269 643 1330 magnum
667 1255 899 1314 incontinentiae
922 1256 1036 1315 ventris
1057 1273 1141 1334 prae-

75 1353 108 1402 98
129 1347 187 1400 8888
214 1339 388 1400 remedium.
430 1339 524 1400 Pruni
551 1339 676 1401 silvatici
701 1341 789 1402 bacas
812 1345 1015 1422 corticemque
1039 1362 1073 1405 88
1094 1361 1140 1404 88-

129 1428 225 1489 dicem
254 1429 319 1488 8188
343 1427 458 1488 arboris
481 1431 512 1488 18
535 1447 630 1490 unum
653 1447 689 1490 888
712 1431 780 1490 vino
804 1431 841 1491 ad
864 1433 968 1492 tertias
992 1431 1143 1512 decoques

128 1525 217 1597 atque
246 1535 282 1578 ex
310 1535 344 1578 88
373 1516 505 1597 singulos
533 1518 654 1597 cyathos
681 1518 719 1579 ad
744 1519 823 1580 diem
846 1520 1020 1582 deiectionis
1044 1521 1143 1582 taedio
1158 1534 1184 1578 15

75 1617 109 1667 93
130 1605 277 1667 laboranti
304 1608 405 1666 ieiuno
432 1608 517 1685 potui
544 1607 636 1668 dabis.
651 1625 663 1650 ·
678 1607 734 1668 lris
761 1607 890 1688 Illyrica,
917 1609 948 1670 id
976 1617 1021 1670 est
1046 1609 1168 1671 Mace-⁸

128 1695 242 1776 donica,
267 1713 342 1774 quae
366 1695 457 1756 188818
479 1697 647 1774 gravissimi
668 1696 818 1778 ponderis,
842 1697 1043 1760 contundatur
1062 1701 1143 1760 etin

127 1783 281 1862 pulverem
299 1783 462 1845 cribratum
484 1786 752 1864 tenuissimumque
771 1786 924 1864 redigatur
942 1793 1031 1866 atque
1051 1805 1087 1848 888
1106 1806 1142 1848 eo

4 1849 62 1896 κ
128 1890 267 1933 mensura
296 1871 435 1934 acitabuli
463 1875 553 1934 unius
581 1873 727 1934 dimidiati
754 1892 822 1934 cum
850 1877 930 1953 passi
958 1875 1053 1955 cotyla
1082 1895 1142 1937 una

126 1962 344 2038 permisceatur
372 1969 402 2022 88
425 1965 590 2040 coagitatur
613 1970 701 2042 atque
725 1961 794 2022 inde
818 1963 951 2024 cocleare
975 1982 1068 2024 unum
1092 1985 1141 2045 cy·
1157 1980 1185 2019 ao

127 2049 201 2110 liaeo
229 2068 316 2111 mane
343 2052 444 2111 ieiuno
472 2050 573 2131 detur,
600 2053 642 2111 ita
669 2058 703 2111 ut
730 2058 760 2110 et
794 2069 811 2112 8
839 2069 912 2112 8888
939 2051 1141 2136 abstineatur3

126 2139 252 2199 mirifice
274 2139 417 2218 proderit.

73 2237 108 2288 94
217 2226 249 2287 Si
276 2229 343 2306 quis
366 2228 511 2287 tortiones
535 2225 635 2287 subito
657 2229 720 2305 pati
743 2229 876 2306 coeperit
900 2228 936 2289 de
959 2231 1072 2290 ventris
1095 2233 1140 2291 ni-

126 2316 259 2396 mietate,
287 2315 379 2394 pedes
407 2334 477 2376 suos
505 2317 635 2394 ineque
659 2315 836 2376 calidissima
860 2335 948 2396 quam
972 2317 1139 2380 diutissime

126 2409 234 2482 teneat,
258 2406 358 2464 statim
381 2403 542 2464 sanabitur.
737 2439 741 2446 ‹
1155 2423 1181 2463 88

73 2503 107 2552 98
216 2491 395 2570 Sanguinem
426 2511 591 2572 caprunum
619 2495 645 2552 si
671 2493 808 2571 polentae
835 2492 1002 2555 furfuribus
1025 2494 1139 2557 88118888

125 2580 225 2638 888188
248 2582 405 2643 miscueris
429 2590 517 2661 atque
541 2580 694 2660 emplastri
716 2581 804 2642 modo
832 2599 887 2642 ano
911 2585 1066 2662 ventrique
1089 2584 1138 2644 ad-

124 2669 275 2749 posueris‚
299 2669 416 2747 pondus
440 2688 526 2730 omne
550 2679 581 2730 et
602 2669 755 2732 libidinem
778 2669 953 2731 deiectionis
977 2672 1138 2733 efficaciter

124 2758 277 2834 reprimes.

71 2857 106 2906 98
213 2844 300 2906 18888
327 2847 479 2906 verrinum
507 2863 613 2906 recens
641 2846 821 2908 conbustum
849 2849 1070 2928 contritumque
1100 2847 1136 2908 ad
1151 2869 1180 2908 eo

125 2949 271 2993 summam
298 2933 447 2994 levitatem
475 2952 543 2995 cnm
571 2935 652 3015 vino,
680 2936 732 2995 sed
757 2937 821 2996 sine
845 2935 905 2996 sale
928 2939 1013 3014 potui
1036 2937 1136 2998 datum

124 3021 285 3082 efficaciter
309 3021 475 3100 subprimet
497 3024 618 3083 nimiam
641 3023 845 3085 deiectionem.

71 3122 104 3171 98
156 3161 158 3164 .
214 3107 338 3190 Leporis
357 3115 477 3190 sanguis
495 3129 601 3172 recens
620 3112 742 3181 delusus
762 3120 792 3172 88
811 3131 879 3173 cum
897 3112 1016 3192 polenta
1033 3121 1136 3174 coctus

70 3211 104 3260 98
124 3205 154 3258 88
182 3199 269 3260 818888
298 3200 478 3280 dysinterico
504 3201 572 3261 ilico
596 3203 708 3262 ventris
731 3201 910 3280 profluvium
934 3203 1027 3262 sistet.
1068 3201 1135 3262 Η18-

213 3407 339 3462 1robro.
413 3413 446 3462 10
464 3407 624 3464 medibitur.
685 3413 717 3462 11
738 3406 924 3476 oxilapatbos.
982 3413 1014 3461 16
1033 3405 1133 3462 1118188

123 3479 156 3529 19
176 3477 273 3531 8818811
292 3480 360 3547 (sic).
435 3477 529 3535 cotila.
601 3485 636 3533 26
654 3477 869 3545 furfuribusque.
