2636 3790
47 869 286 935 MARCELLUS
296 869 361 932 Vlll
371 869 561 932 INLUSTER
575 869 627 932 EX
637 871 831 934 uuulsruo
841 871 1074 936 ouitttouuu

149 994 370 1056 Tfluooostt
394 994 475 1057 SEN.
499 994 610 1056 FlLllS
635 995 718 1057 SUlS
742 995 974 1059 subtitubo.

515 1137 620 1144 -—

137 1244 280 1305 Secutus
303 1259 393 1320 opera
417 1242 618 1304 studiosorum
642 1245 788 1324 virorum,
815 1247 866 1324 qul
892 1245 962 1308 licet
985 1245 1073 1310 alieni
1094 1258 1108 1306 t

51 1335 163 1394 luerint
190 1331 229 1392 ab
254 1331 441 1392 institutione
464 1331 637 1412 medicinae,
660 1340 759 1393 tamen
782 1332 953 1396 huiusmodi
975 1338 1073 1398 causis

52 1441 137 1482 curas
157 1419 283 1481 nobiles
301 1418 476 1500 intulerunt,
494 1420 627 1482 libellum
645 1420 725 1482 bunc
745 1421 781 1482 de
798 1423 949 1501 empiricis
963 1433 1073 1504 quanta

52 1513 135 1588 potui
161 1508 300 1570 sollertia
319 1507 530 1589 diligentiaque
553 1512 727 1589 conscripsi,
752 1510 951 1574 remediorum
974 1513 1072 1592 physi-

32 1613 158 1660 seorum
185 1600 251 1658 sive
275 1597 494 1659 rationabilium
518 1598 754 1661 consectionibus
780 1608 810 1662 et
833 1600 1073 1662 adnotationibus

55 1688 164 1748 lartum
184 1685 349 1746 undeunde
368 1686 508 1748 collectis.
536 1688 609 1750 Nam
623 1690 649 1749 si
666 1689 736 1768 quid
752 1707 893 1768 umquam
907 1705 1074 1766 congruum

55 1779 175 1836 sanitati
194 1775 405 1853 curationiqua
423 1775 576 1838 hominum
596 1776 643 1838 vel
661 1777 698 1838 ab
717 1777 782 1838 aliis
801 1777 925 1854 conpari
944 1775 989 1836 vel
1008 1778 1073 1856 ipse

55 1883 111 1924 usu
133 1862 303 1944 approbavi
324 1863 370 1923 vel
393 1863 517 1943 legendo
546 1867 685 1947 cognovi,
713 1865 743 1926 id
772 1881 908 1944 sparsum
938 1865 1072 1928 incondi-

57 1963 179 2032 tumque
204 1951 314 2029 collegi
336 1959 366 2012 et
389 1954 420 2013 in
443 1971 536 2015 unum
553 1972 662 2034 corpus
682 1955 768 2032 quasi
786 1952 909 2014 disiecta
927 1961 958 2014 et
975 1952 1072 2014 lacera

28 2055 48 2093 u
59 2041 254 2119 Aesculapius
275 2038 368 2101 Virbii
390 2040 522 2103 membra
546 2043 700 2122 conposui.
741 2039 802 2102 Nec
831 2039 926 2102 solum
956 2047 1107 2104 veterent

59 2130 223 2190 medicinae
253 2131 325 2189 artis
356 2137 492 2192 auctores
519 2130 624 2192 Latino
657 2131 810 2192 dumtaxat
837 2147 974 2192 sermone
1004 2147 1071 2210 per·

59 2221 199 2299 scriptos,
229 2219 280 2278 eui
307 2219 351 2278 rei
378 2236 498 2298 operam
525 2227 652 2299 uterque
680 2218 794 2282 Plinius
822 2227 853 2280 et
875 2219 1018 2298 Apuleius
1041 2227 1072 2282 et

60 2305 160 2368 Celsus
180 2314 212 2367 et
226 2304 404 2385 Apollinaris
420 2325 454 2368 ae
468 2307 696 2386 Designatianus
709 2307 818 2388 aliique
832 2308 967 2370 nonnulli
981 2311 1071 2372 etiam

60 2398 192 2472 proximo
212 2403 347 2472 tempore
366 2395 507 2457 inlustres
525 2396 690 2458 bonoribus
708 2399 773 2477 viri,
794 2397 874 2458 cives
892 2416 927 2459 ac
943 2400 1070 2460 maiores

32 2496 50 2534 1⁵
60 2487 162 2564 nostri,
187 2481 335 2564 Siburius,
359 2482 521 2564 Eutropius
545 2493 633 2564 atque
654 2485 813 2565 Ausonius,
836 2486 1070 2568 commodarunt,

59 2571 185 2633 lectione
210 2578 361 2632 scrutatus
385 2590 460 2654 sum,
483 2572 536 2634 sed
560 2575 647 2634 etiarn
666 2572 702 2634 ab
721 2573 889 2653 agrestibus
908 2581 938 2636 et
956 2573 1070 2654 plebeis

59 2660 189 2721 remedia
218 2661 341 2722 fortuita
365 2669 454 2740 atque
478 2660 631 2743 simplicia,
659 2681 734 2742 quae
763 2665 974 2742 experimentis
1002 2681 1070 2742 pro·

58 2747 208 2828 baverant,
227 2747 326 2810 didici.
357 2749 491 2820 Quorum
509 2749 592 2812 vobis
611 2753 726 2830 copiam
745 2751 844 2814 labore
859 2759 961 2814 nostro
976 2752 1069 2832 vigili·
1088 2767 1104 2817 3

59 2855 131 2916 aque
156 2837 331 2919 faciendam,
354 2838 406 2899 lilii
427 2838 600 2919 dulcissimi,
618 2857 673 2920 pro
692 2842 869 2902 necessitate
887 2841 1069 2904 infirmitatis

29 2924 203 2987 ubumanae
226 2927 394 3005 piissimum
418 2927 502 3008 duxi,
532 2945 620 2988 orans
649 2930 779 3006 primum
803 2929 931 2990 divinam
954 2931 1070 2992 miseri·

59 3015 202 3095 cordiam,
230 3033 268 3076 ne
295 3014 379 3076 vobis
407 3017 574 3095 vestrisque
597 3017 770 3096 experiendi
792 3017 881 3078 huius
903 3017 995 3080 libelli
1018 3037 1069 3082 ne-

61 3106 180 3164 cessitas
209 3103 272 3164 ulla
303 3114 457 3185 nascatur,
487 3112 551 3165 tum
583 3107 609 3166 si
637 3123 695 3184 qua
723 3106 814 3166 luerit
843 3107 1069 3186 prospiciendae

62 3190 161 3252 salutis
185 3199 216 3252 et
238 3191 365 3254 tuendae
383 3192 560 3254 valetudinis
580 3212 676 3274 causa,
695 3193 885 3272 gratulemini
903 3213 995 3274 super
1013 3195 1068 3255 hac

64 3295 92 3337 re
109 3279 204 3340 labori
222 3279 380 3361 studioque
399 3291 511 3362 nostro,
531 3282 610 3361 quod
630 3281 712 3342 vobis
726 3281 838 3360 absque
853 3282 963 3343 medici
977 3285 1069 3342 inter-

130 3480 163 3518 ex
176 3464 311 3534 magistro
324 3467 480 3521 officiorum
492 3466 633 3520 Pitboescs:
647 3481 681 3518 ex
691 3479 794 3530 magno
805 3461 896 3514 officio
908 3461 1068 3514 Carnarius.

113 3560 270 3614 binmaus,
282 3572 321 3605 nn.
334 3564 490 3604 flunmen.
895 3548 909 3593 Ῑ
