2518 3806
536 81 772 145 -380-

148 245 219 305 dum
239 247 356 323 teritur,
380 242 649 321 supermittendum
670 241 926 321 medicamentum,
950 241 1030 320 quod
1048 243 1082 302 in
1102 261 1168 304 am-

148 332 228 412 pulla
257 342 315 413 est,
347 334 388 392 ita
416 339 450 390 ut
477 330 513 390 ad
541 330 717 390 densitatem
749 328 966 408 cataplasmatis
999 330 1169 412 redigatur,
1234 326 1237 375 ἲ

149 421 282 482 addenda
298 428 329 481 et
342 420 400 479 olei
414 421 493 478 rosei
507 418 651 479 coclearia
666 418 739 499 duo;
759 420 802 478 sic
816 417 1018 478 inducendum
1032 419 1168 481 medica·
1241 415 1242 422 '

149 519 282 570 mentum
306 511 338 568 in
360 508 452 567 linteo
472 514 502 566 31
520 506 727 585 adponendum
746 507 819 566 locis
839 505 1018 566 dolentibus.
1051 506 1168 588 Super·
1241 511 1242 520 ’

149 599 246 678 posito
275 615 344 657 vero
373 596 465 655 linteo
488 594 606 654 salubre
630 613 696 654 esse
719 601 824 655 auctor
849 594 974 654 remedii
997 595 1089 655 huius
1113 597 1192 657 331-3

149 687 256 765 firmat,
280 683 375 745 31331
399 686 462 762 ipsa
485 683 560 764 lana,
584 701 658 761 quae
682 699 822 762 expressa
841 690 895 766 est,
919 682 966 742 331
984 683 1039 742 3113
1059 686 1168 746 sucida

150 791 240 853 supra
263 771 439 850 cataplasma
462 771 518 831 hoc
542 779 669 850 ponatur
692 778 722 831 et
744 771 849 830 leviter
871 769 1027 848 obligetur.

97 879 130 928 33
240 861 391 922 Confectio
420 859 584 938 emplastri,
612 859 691 938 qnod
718 877 771 919 rex
798 858 986 919 Ptolomaeus
1013 861 1168 921 invenisse

151 950 270 1029 dicitur,
293 951 401 1027 accipit
423 947 512 1008 haec:
537 947 604 1008 Sevi
627 949 738 1008 taurini
760 949 878 1007 remissi
901 946 1049 1026 colatique
1074 956 1167 1028 atquc
1241 999 1242 1028 ,

150 1041 182 1098 in
205 1037 338 1117 pastillos
361 1038 457 1097 coacti
475 1035 505 1095 P.
526 1035 556 1116 V,
580 1037 696 1095 resinae
715 1036 807 1096 frixae
825 1035 857 1096 P.
877 1033 909 1114 V,
932 1035 1079 1096 medullae
1099 1055 1165 1098 cer·
1178 1055 1202 1092 ro

151 1129 235 1186 vinae
253 1158 298 1168 —
313 1124 358 1202 Vl,
382 1125 447 1184 suci
471 1131 586 1184 mentae
608 1157 646 1166 -
663 1123 698 1204 ll,
722 1126 787 1184 suci
806 1125 962 1182 mentastri
982 1156 1020 1166 -
1038 1123 1073 1205 ll,
1099 1129 1165 1186 suci

151 1213 274 1273 feniculi
299 1244 337 1254 -
359 1212 394 1292 ll,
418 1213 483 1271 suci
506 1211 649 1271 marrubii
667 1245 712 1254 -
730 1211 765 1292 ΙΙ,
789 1213 854 1271 suci
877 1211 1048 1290 hyoscyami
1069 1244 1109 1254 -
1130 1213 1165 1294 ΙΙ,

153 1302 218 1360 3υοί
245 1299 422 1378 plantaginis
450 1301 571 1358 maioris
597 1331 635 1341 -
655 1298 695 1378 ΙΙ,
719 1301 783 1359 3υοί
805 1299 915 1377 lapathi
933 1331 975 1342 —
995 1299 1035 1381 ll,
1060 1319 1165 1380 specu·

152 1388 223 1448 laris
247 1389 325 1448 cocti
348 1393 378 1447 et
401 1405 489 1466 quam
513 1389 711 1447 minutissime
735 1389 799 1447 triti
816 1387 847 1446 P.
866 1387 887 1446 1.
924 1385 1039 1456 Quibus
1063 1391 1094 1448 in
1120 1408 1166 1449 or·

152 1477 251 1537 dinem
274 1477 457 1554 praeparatis
481 1493 583 1536 sevum
606 1485 636 1536 et
658 1475 785 1536 medulla
810 1475 888 1535 lento
912 1477 975 1554 igni
993 1477 1024 1536 in
1043 1477 1166 1538 vasculo
1179 1491 1199 1531 15

151 1583 243 1626 aeneo
266 1567 471 1643 remitte-ntum
495 1573 558 1624 tum
581 1566 679 1623 resina
698 1564 879 1624 comminuta
897 1571 987 1642 atque
1007 1567 1076 1624 trita
1100 1585 1167 1627 sen·

152 1656 208 1714 sim
226 1655 257 1712 in
278 1671 379 1713 sevum
399 1655 635 1732 supermittatur,
655 1658 688 1711 ut
707 1651 796 1712 simul
810 1651 967 1730 liquefacta
981 1654 1166 1730 permiscere

152 1760 184 1802 se
211 1743 342 1822 possint3
375 1740 481 1800 deinde
512 1742 544 1800 in
572 1741 747 1800 mortarium
778 1757 977 1799 marmoreum
1006 1739 1167 1818 diligenter

152 1828 245 1890 colata
265 1827 467 1907 mutabuntur,
488 1845 562 1906 qnae
582 1827 678 1888 adhuc
696 1830 835 1906 tepentia·
848 1827 1074 1904 diligentissime
1095 1849 1165 1890 con-

151 1925 295 1978 terentur.
333 1915 413 1986 Quae
437 1935 505 1976 curn
529 1916 649 1976 densari
672 1919 834 1996 coeperint,
857 1915 927 1974 dum
951 1915 1048 1976 adhuc
1068 1917 1165 1978 calida
1178 1931 1197 1971 31

152 2012 253 2084 erunt,
281 2007 321 2065 113
344 2011 379 2064 ut
401 2004 481 2064 calor
505 2005 648 2064 sustineri
670 2003 806 2063 manibus
828 2005 936 2084 possit,
960 2023 1048 2064 sucos
1073 2023 1166 2085 supra
1235 2013 1240 2023 '

152 2096 331 2172 scriptarum
354 2091 515 2152 herbarum
539 2091 738 2170 superfundes
760 2093 917 2152 etiterum
937 2091 1165 2169 diligentissime

152 2190 231 2243 teres
255 2189 285 2241 et
307 2183 482 2258 priusquam
504 2181 624 2258 penitus
648 2180 763 2240 desinat
786 2179 876 2259 calor,
899 2188 1108 2258 praeparatum
1129 2183 1165 2242 de

152 2268 300 2348 speculari
327 2268 479 2347 pulverem
508 2271 616 2328 mittes.
658 2267 760 2346 ltaque
786 2269 884 2326 omnia
908 2267 996 2328 slmul
1019 2271 1112 2330 mixta
1136 2281 1165 2330 31

152 2358 318 2417 diutissime
346 2358 415 2416 trita
445 2363 533 2435 atque
561 2355 597 2416 ad
630 2373 775 2416 summam
807 2355 956 2416 levitatem
984 2357 1104 2418 redacta
1132 2360 1163 2418 in
1176 2371 1199 2412 2⁵

151 2447 246 2506 vitreo
265 2443 384 2504 vasculo
403 2452 596 2523 reponentur.
620 2443 682 2504 Hoc
703 2444 896 2522 emplastrum
910 2443 982 2504 utile
997 2444 1044 2505 his
1058 2445 1163 2506 rebus:

152 2533 188 2592 ad
216 2533 376 2610 podagram
407 2540 437 2592 31
464 2550 623 2592 nervorum
656 2531 773 2592 dolores
805 2533 1099 2614 contractionesque,
1128 2535 1162 2594 ad

152 2620 219 2681 luxa
247 2619 294 2680 331
323 2621 428 2702 133313,
461 2620 497 2680 31
524 2621 659 2698 pustulas
687 2637 803 2700 omnes,
832 2619 869 2680 ad
897 2620 1023 2680 duritias
1051 2640 1161 2700 omnes,

152 2709 312 2788 praecipue
337 2708 372 2767 ad
395 2726 589 2768 mammarum
613 2709 696 2788 vitia,
724 2708 760 2768 ad
785 2710 996 2789 carcinomata,
1024 2710 1059 2770 ad
1084 2710 1160 2788 glan·

152 2795 245 2875 dulas,
265 2795 301 2854 ad
320 2795 442 2856 vulnera
461 2797 559 2855 omnia
578 2795 711 2874 quolibet
731 2795 819 2856 modo
833 2797 970 2874 inpressa
984 2796 1030 2857 vel
1048 2806 1162 2858 vetusta
1174 2811 1196 2850 ³⁰

152 2883 198 2945 vel
221 2885 362 2964 recentia,
385 2883 421 2942 ad
445 2882 613 2943 lumborum
637 2892 667 2944 et
689 2883 734 2944 ilii
756 2884 897 2964 dolorem,
921 2885 957 2944 ad
977 2886 1162 2964 scapularum

152 2972 293 3054 dolorem,
316 2972 352 3032 ad
376 2971 528 3051 pthisicos,
551 2973 592 3032 ita
615 2981 649 3032 ut
672 2972 863 3050 emplastrum
887 2972 944 3034 hoc
967 2973 1112 3035 inducant
1135 2982 1162 3034 31

152 3061 265 3123 caldam
293 3077 400 3140 aquam
430 3059 555 3120 mulsam
582 3058 699 3141 bibant,
727 3060 763 3120 ad
791 3060 925 3121 dentium
954 3061 1101 3144 dolorem,
1128 3063 1162 3124 ad

152 3151 336 3228 gingivarum
364 3151 575 3228 carcinomata,
603 3149 638 3208 ad
667 3150 772 3226 capitis
800 3155 830 3208 31
858 3150 1015 3210 oculorum
1038 3151 1162 3232 doloreS,

151 3237 192 3296 ita
211 3244 245 3296 ut
263 3235 456 3314 emplastrum
475 3235 643 3296 dolentibus
662 3235 756 3296 oculis
772 3245 999 3318 superponatur,
1018 3238 1055 3298 ad
1074 3258 1161 3300 mem·
1173 3251 1194 3291 11

240 3425 275 3475 28
295 3420 411 3475 durities
430 3421 599 3490 Stephanae.-
618 3420 737 3475 duricies
759 3421 916 3476 0333333133.
