2540 3802
501 119 740 184 -243-

113 282 171 343 hoc
199 281 384 342 medicamen
412 280 570 342 adhibetur
596 289 720 359 propter
743 280 908 341 molestiam
932 281 1063 361 sudoris,
1091 299 1128 342 ne

113 372 279 449 umigatum
307 371 454 430 infirmius
482 371 547 451 liat,
574 371 639 448 ipso
669 376 766 428 tamen
791 368 852 449 die,
876 387 935 447 quo
959 370 1128 430 confectum

112 459 214 539 scierit,
238 461 337 518 statim
362 458 451 519 debet
474 459 591 537 adponi,
614 476 673 535 quo
697 457 849 518 efficacius
871 459 969 537 profit.
1156 449 1170 470 ⁰

203 547 246 607 hd
271 546 404 625 splenem
427 546 592 607 remedium
617 547 736 606 efficax:
758 545 812 606 Die
835 545 912 606 lovis
935 546 1035 606 liduna
1057 548 1179 608 sini-'18

85 652 98 693 5
113 644 210 696 strum
229 635 335 713 pedem
355 635 469 696 nudum
487 637 519 695 in
538 635 685 713 caprofico
700 644 799 714 ponet,
818 637 870 714 qui
885 634 1006 695 dolorcs'
1017 634 1127 712 splenis

113 726 253 804 patietur,
277 733 306 784 et
330 727 482 802 corticem,
508 732 651 802 quantum
675 741 728 802 pes
751 725 816 783 eius
839 725 993 803 presserit,
1015 722 1128 783 incidet

113 830 239 891 eamque
268 812 365 872 tribus
394 812 476 871 horis
505 811 541 872 de
569 811 660 872 fascia
688 811 724 870 ad
753 811 885 890 splenem
908 813 1035 890 positam
1058 829 1127 872 con·

114 902 250 981 stringet,
274 899 419 960 sublatam
443 899 512 960 inde
537 899 662 960 fumario
687 899 849 978 suspendet
870 918 966 978 neque
986 918 1127 979 umquam

113 997 165 1050 aut
188 992 252 1067 ipse
276 989 440 1049 removebit
464 996 515 1048 aut
537 991 691 1067 permittet
713 987 750 1048 ab
773 986 872 1068 aliquo
896 988 966 1048 tolli.

72 1097 98 1136 ιο
202 1077 247 1138 Ad
276 1077 408 1156 splenem
436 1077 601 1137 remedium
628 1075 759 1137 subitum
783 1086 871 1156 atque
896 1076 1019 1138 subtile:
1052 1076 1127 1152 Tres
1146 1087 1179 1136 79

111 1169 225 1227 caricas
253 1169 283 1226 in
311 1176 395 1226 aceto
419 1168 530 1244 optimo
554 1183 677 1244 vespere
700 1165 823 1226 infunde
848 1173 878 1225 et
900 1184 985 1225 mane
1008 1168 1126 1226 ieiunus

7 1307 8 1342 ,
111 1273 161 1315 eas
185 1257 287 1332 accipe
312 1262 342 1314 et
364 1254 421 1314 hoc
444 1272 498 1332 per
522 1254 654 1314 triduum
682 1253 786 1334 lacit03
813 1263 882 1332 post
909 1254 965 1314 hoc
994 1255 1067 1314 ferri
1090 1273 1126 1314 ex

7 1349 8 1388 ἲ
111 1361 201 1404 causa
224 1343 260 1403 ad
279 1342 336 1403 hoc
356 1343 427 1403 iacti
444 1342 603 1402 massulam
622 1351 668 1402 ter
688 1343 842 1404 ardentem
862 1345 1001 1421 extingue
1021 1361 1055 1404 ex
1075 1361 1125 1422 po·

112 1432 193 1491 tione
213 1430 384 1492 absinthiati
403 1439 432 1492 et
452 1430 520 1491 bibe
540 1439 628 1510 atque
647 1431 704 1491 hoc
722 1431 928 1510 pertriduum
947 1431 1044 1494 facito.
1082 1430 1125 1491 Ad
1144 1441 1178 1490 80

71 1537 98 1578 15
113 1519 225 1598 splenis
239 1520 371 1580 dolorem
386 1521 548 1600 cuminum,
563 1527 706 1597 quantum
722 1518 819 1579 tribus
834 1518 934 1598 digitis
946 1522 1044 1598 possis
1057 1538 1124 1579 con-

111 1607 308 1688 prehendere,
324 1626 392 1669 cum
404 1610 471 1668 vino
483 1609 587 1668 tritum
596 1609 697 1668 ieiuno
707 1606 852 1668 laboranti
862 1606 945 1668 dabis
955 1606 1125 1668 bibendum.

510 1801 589 1862 ulP.
613 1800 729 1862 XXllll.

139 1913 332 1970 Plauritiois
356 1916 391 1969 et
413 1915 560 1970 laterum
584 1911 761 1968 doloribus
784 1912 934 1968 remedia
955 1913 1095 1982 physica

231 2007 267 2058 et
288 2002 502 2059 rationabilia
525 2002 661 2058 diversa
684 2002 727 2056 de
751 2001 1002 2071 experimentis.

199 2137 341 2217 Malagma
370 2137 406 2198 ad
433 2137 535 2199 lateris
563 2147 593 2198 et
616 2139 745 2216 pectoris
770 2137 900 2197 dolorem
924 2144 955 2197 et
978 2136 1122 2215 quidquid
1143 2148 1157 2196 1

110 2227 267 2288 molestum
292 2246 327 2286 ex
350 2227 542 2305 perfrictione
564 2227 727 2306 colligitur3
751 2225 827 2286 bene
852 2227 930 2286 enim
954 2224 1070 2285 calfacit
1094 2235 1123 2284 ct

109 2315 176 2375 idco
200 2315 236 2374 ad
260 2333 378 2375 omnem
402 2315 533 2378 dolorem
557 2315 692 2394 prodest,
720 2315 876 2375 conficitur
902 2316 959 2374 sic:
988 2313 1123 2374 Samsuci

68 2421 95 2460 ao
110 2406 228 2465 contusi
248 2405 439 2484 semunciam,
457 2406 511 2464 iris
528 2414 669 2465 contusae
683 2404 772 2484 idem,
787 2404 888 2481 cyperi
903 2405 1020 2462 contusi
1034 2402 1122 2484 idem,

108 2495 225 2553 resinae
254 2491 470 2553 terebinthinae
495 2492 525 2552 P.
547 2492 580 2573 S,
608 2511 694 2552 cerae
717 2491 748 2550 P.
768 2489 794 2571 l,
822 2490 879 2550 olei
902 2493 1017 2570 cyprini
1040 2490 1072 2550 P.
1093 2491 1122 2571 S,

108 2583 170 2641 vini
193 2580 310 2640 Aminei
332 2578 363 2640 8
383 2579 403 2640 l.
443 2579 476 2640 ln
500 2581 556 2642 hoc
581 2599 655 2660 quae
680 2579 761 2640 arida
786 2586 855 2640 sunt
879 2587 1002 2640 contusa
1026 2598 1120 2640 mace·

107 2677 214 2730 rantur
237 2687 297 2729 uno
322 2669 368 2729 die
393 2677 423 2729 et
446 2679 533 2730 nocte
557 2688 625 2730 cum
649 2669 728 2749 olc03
757 2687 825 2729 cera
853 2676 883 2728 et
906 2670 1004 2728 resina
1028 2668 1121 2748 lique·

106 2760 184 2818 liunt
207 2758 242 2818 ad
266 2761 378 2837 ignem,
406 2758 512 2818 deinde
537 2757 795 2837 superfunduntur
818 2759 886 2817 vino
910 2765 940 2817 et
962 2759 1121 2836 pigmentis

66 2862 92 2903 ss
107 2849 265 2908 maceratis
290 2843 346 2925 [et]
371 2849 536 2907 miscentur
555 2865 589 2908 ac
608 2845 744 2907 manibus
764 2846 815 2906 diu
835 2845 1023 2924 subiguntur.
1057 2845 1121 2906 Hoc

107 2943 175 3014 post
195 2935 258 2995 dies
274 2933 354 2994 XXX
374 2935 524 2996 efficacius
540 2935 675 3016 prodest,
694 2936 779 2996 initio
794 2936 874 2994 enim
890 2933 1023 2994 umidum
1038 2933 1120 2994 valde

107 3032 153 3084 est
177 3030 206 3083 et
230 3025 277 3083 vix
301 3023 418 3084 inlitum
441 3031 548 3084 manet.

195 3112 337 3190 Malagma
361 3112 397 3171 ad
418 3114 623 3172 contusionem
644 3112 754 3192 lateris,
777 3111 856 3171 idem
877 3111 947 3170 lacit
967 3111 1051 3170 etad
1071 3129 1118 3171 su·
1138 3123 1155 3170 2

107 3210 223 3281 spectas
252 3203 380 3260 vomicas
413 3209 464 3260 aut
491 3202 548 3260 iam
582 3201 674 3261 iactas
707 3201 816 3280 aperit,
845 3207 998 3277 practerea
1031 3195 1119 3278 <ad>

195 3340 297 3405 5pone
313 3337 348 3390 et.
392 3335 485 3389 ioris.
530 3335 703 3404 9permihtit.
747 3340 779 3388 12
789 3333 912 3388 tridium.
965 3338 998 3386 13
1012 3349 1117 3387 masso·

103 3407 171 3463 lam.
210 3405 456 3466 ldlaborantibus.
496 3411 529 3460 18
541 3405 697 3474 collegitur.
735 3410 768 3458 21
780 3401 976 3460 terebintinae.
1013 3409 1047 3458 22
1062 3420 1118 3458 am-

102 3478 198 3535 minei.
247 3484 281 3534 25
302 3479 331 3531 et
348 3478 457 3538 ioelum
505 3483 539 3532 26
558 3475 712 3534 humidum.
755 3481 789 3531 29
803 3475 841 3532 ad
856 3475 955 3530 addidi
969 3492 982 3532 c
996 3475 1119 3534 Scribere.

906 3564 961 3619 ts*
