2564 3794
480 135 719 202 „159-

95 298 180 380 bibe,
208 317 295 360 omne
321 317 415 378 genus
438 301 531 360 tussis
554 299 715 360 ellicaciter
738 298 865 360 curabis.
906 299 1041 362 Feniculi
1064 319 1108 362 ra·
1127 310 1160 359 21

96 389 193 450 dicem
216 388 342 449 viridem
365 387 489 448 nitidam
511 390 543 448 in
566 387 625 466 pila
647 388 743 467 lignea
767 387 916 449 contunde
935 399 1024 468 atque
1044 391 1109 450 eius

95 495 204 538 sucum
226 479 346 537 ieiunus
369 495 438 536 cum
461 479 528 536 vino
551 484 652 536 vetere
671 495 725 555 per
744 476 808 537 dies
827 479 985 537 continuos
1003 496 1108 538 novem

96 568 128 626 in
151 565 252 626 limine
277 573 358 626 stans
381 564 463 645 bibe,
490 564 668 625 validissime
692 565 848 626 adversum
871 573 985 626 tussam
1009 585 1108 644 qnam·

69 654 170 717 olibet
192 653 347 714 molestam
370 652 426 713 tibi
448 653 594 734 proderit;
616 653 719 714 itidem
742 654 876 733 proderit
899 661 930 714 et
952 653 1049 732 pulvis
1073 673 1108 715 ex

96 742 200 803 eadem
222 742 323 802 radice
347 743 424 802 sicca
448 742 544 802 lactus
567 741 704 802 similiter
727 749 842 821 epotus.
881 741 967 802 Porri
990 745 1108 803 contusi
1126 751 1161 800 22

97 849 189 892 sucus
216 847 375 908 expressus
404 848 472 890 cum
500 829 564 890 oleo
593 830 735 891 decoctus
764 839 794 891 et
817 837 924 910 epotus
946 830 1107 910 plurimum

96 921 236 980 tussienti
258 925 398 998 praestat.
431 917 583 978 Verbenae
602 917 711 979 herbae
730 919 876 980 arefactae
895 927 1000 980 tunsae
1019 927 1107 998 atque
1124 927 1162 976 23

96 1007 238 1069 criblatae
252 1007 421 1067 tenuissimi
434 1006 565 1084 pulveris
577 1006 714 1067 cocliaria
725 1009 856 1086 quinque
871 1009 981 1067 maiora
992 1009 1108 1068 maiori-

56 1115 83 1154 1o
96 1096 163 1178 bus,
176 1094 343 1156 minoribus
356 1113 411 1174 pro
426 1102 520 1155 aetate
531 1097 655 1175 minora,
670 1096 721 1156 sed
737 1097 862 1156 sinceris
877 1115 913 1156 ex
923 1098 983 1156 vini
992 1098 1109 1156 Aminei

96 1186 206 1245 veteris
221 1183 335 1263 cyathis
348 1183 471 1244 totidem
481 1201 536 1263 per
550 1183 614 1244 dies
624 1186 755 1263 quinque
770 1185 898 1262 potanda
912 1184 1005 1266 dahis,
1020 1184 1107 1245 lebri-

97 1271 258 1334 citantibns
281 1290 318 1331 22
341 1290 416 1351 aqua
440 1271 505 1332 dari
527 1272 685 1352 oportebit,
708 1274 783 1333 mire
805 1273 1002 1334 tussientibus
1020 1273 1108 1352 prod·

97 1365 163 1422 erit.
205 1359 310 1421 Scillae
336 1361 487 1420 interioris
510 1359 656 1424 medullae
680 1371 799 1422 tenerae
828 1364 973 1422 contritae
1002 1379 1107 1422 sucum
1127 1368 1162 1417 24

99 1468 167 1510 cum
193 1447 290 1509 mellis
317 1450 383 1528 pari
409 1467 549 1509 mensura
576 1450 709 1529 decoque
738 1457 768 1510 et
790 1450 859 1510 inde
884 1453 999 1511 etiamsi
1022 1453 1108 1511 mini-

1 1529 2 1548 *
58 1555 193 1618 ramum,
217 1545 361 1616 quantum
389 1555 524 1598 summus
551 1537 661 1616 digitus
689 1540 824 1617 recipere
854 1541 961 1619 possit,
989 1541 1108 1600 ieiunus

98 1625 219 1687 cottidie
241 1643 326 1686 mane
350 1628 524 1704 gustaveris,
548 1629 639 1686 tussis
662 1625 797 1686 molestia
820 1629 895 1686 mire
919 1626 1042 1687 carebis.

186 1713 290 1774 Tussis
312 1713 447 1792 molestia
471 1716 530 1774 cito
549 1713 723 1794 liberabere,
747 1717 772 1774 si
791 1714 995 1775 observaveris
1013 1733 1107 1775 reme·
1127 1721 1161 1770 22

98 1803 179 1863 dium
203 1803 274 1863 tale:
297 1801 412 1881 Piperis
436 1802 495 1863 albi
514 1820 604 1880 grana
623 1802 673 1884 lll,
694 1802 834 1863 bacarum
858 1803 935 1862 lauri
959 1821 1049 1882 grana
1067 1802 1108 1862 111

1 1911 2 1916 ’
97 1893 128 1951 in
152 1909 245 1951 unum
269 1891 419 1951 contunde
448 1898 477 1951 21
500 1891 623 1952 adiectis
647 1909 741 1970 aquae
765 1890 875 1952 calidae
899 1891 1012 1970 cyathis
1036 1891 1107 1952 duo·
1154 1949 1160 1958 ,

56 1998 83 2038 ao
97 1980 154 2039 bus
177 1981 295 2040 ieiunus
318 1978 396 2060 bibe,
420 1979 527 2040 deinde
549 1981 664 2059 piperis
684 1997 775 2058 grana
793 1978 817 2037 V
836 1987 866 2039 21
884 1979 961 2038 12221
979 1980 1066 2040 bacas
1084 1979 1108 2038 V

96 2087 132 2128 22
156 2086 249 2147 aquae
273 2075 306 2128 ut
330 2085 420 2146 supra
439 2067 552 2148 cyathis
572 2067 688 2128 duobus
711 2067 789 2148 bibe,
813 2067 920 2128 deinde
939 2067 990 2127 Vll
1009 2075 1039 2128 21
1056 2067 1107 2127 1111

96 2175 132 2217 22
156 2174 248 2235 aquae
274 2155 402 2236 duobus,
426 2157 532 2217 deinde
556 2155 634 2216 Vllll
660 2165 690 2216 et
712 2155 790 2216 Vllll
815 2175 850 2216 ex
874 2175 967 2234 aquae
990 2156 1107 2216 duobus

96 2255 126 2306 et
153 2246 180 2304 si
206 2255 266 2305 tam
293 2243 418 2304 molesta
445 2247 537 2306 tussis
567 2245 671 2324 122211,
701 2253 735 2305 21
764 2263 824 2304 non
853 2247 953 2305 statim
983 2245 1107 2324 desinat,

0 2385 1 2394 ,
95 2335 205 2393 iterum
233 2333 432 2394 deminuendo
461 2333 598 2394 similiter
625 2334 729 2414 iacies,
757 2341 791 2394 ut
813 2332 891 2392 Vllll
919 2341 949 2394 21
976 2332 1054 2393 Vllll
1077 2342 1108 2393 21

0 2447 1 2476 r
55 2439 82 2480 aa
96 2421 203 2482 deinde
227 2420 277 2481 Vll
302 2428 331 2481 21
353 2420 418 2502 Vll,
440 2420 465 2479 V
488 2429 518 2482 et
540 2421 573 2503 V,
596 2421 636 2481 ΙΙΙ
660 2429 690 2482 21
712 2420 753 2481 111
781 2440 850 2504 curn
879 2440 972 2501 aquae
995 2422 1106 2482 calidae

95 2509 173 2570 binis
193 2509 306 2589 cyathis
324 2509 417 2570 bibas.
452 2508 594 2589 Cupressi
616 2510 706 2570 bacae
725 2529 851 2570 numero
870 2512 999 2590 impares
1018 2529 1106 2589 quam
1125 2516 1161 2565 26

96 2601 295 2658 minutissime
323 2601 411 2658 tritae
439 2605 469 2658 et
497 2617 533 2658 22
561 2600 629 2658 vino
657 2606 757 2659 vetere
786 2601 887 2659 ieiuno
915 2602 1000 2678 potui
1023 2599 1106 2659 datae

95 2694 209 2748 tussam
230 2688 436 2764 potentissime
457 2685 587 2768 leniunt3
612 2687 745 2748 eiusdem
769 2694 871 2748 tenera
892 2687 1107 2748 cauliculorum

95 2793 112 2834 a
134 2777 234 2835 ieiuno
258 2775 510 2854 commanducata,
534 2778 574 2836 ita
598 2784 630 2836 ut
653 2794 745 2836 sucus
764 2775 1013 2856 transgluttiatur,
1031 2778 1106 2836 mire

55 2881 82 2920 eo
97 2871 202 2923 sanant
229 2865 419 2942 tussientem,
448 2865 473 2923 si
500 2864 530 2924 id
555 2864 678 2924 adiectis
706 2882 824 2943 semper
848 2867 954 2943 impari
980 2882 1106 2925 numero

95 2950 250 3012 cauliculis
273 2970 327 3031 per
350 2952 483 3012 triduum
506 2953 564 3012 fiat.
608 2952 737 3032 Myrrae,
762 2955 900 3033 storacis,
927 2956 1001 3033 opii,
1025 2955 1106 3014 croci
1125 2957 1160 3006 at

94 3057 182 3120 pares
205 3058 361 3100 mensuras
385 3042 531 3101 conterite
553 3047 583 3100 21
603 3041 638 3101 de
658 3043 796 3101 contritis
815 3060 849 3102 ac
867 3044 1022 3121 permixtis
1040 3060 1106 3121 spe·

95 3128 199 3189 clebus
227 3128 362 3208 globulos
391 3147 428 3189 22
455 3147 530 3207 aqua
560 3129 703 3190 cicerculi
728 3130 932 3208 magnitudine
960 3131 1048 3191 lacito
1072 3149 1105 3190 ac

168 3289 181 3336 1
201 3281 335 3337 fenuculi.
422 3287 440 3334 4
457 3280 635 3334 valedissime
654 3282 795 3350 (saepius),
885 3285 901 3333 8
920 3280 1106 3334 tussientibus

95 3351 256 3408 0222222122.
356 3353 512 3421 praestator
531 3353 598 3422 (aie).
705 3359 737 3406 10
757 3350 871 3405 sinceris
895 3353 1024 3417 212222,
1048 3367 1105 3405 222

95 3423 196 3478 sinceri
213 3430 246 3478 21
265 3423 424 3479 Carnarius.
511 3422 641 3476 aminnei.
725 3427 757 3477 17
776 3419 944 3476 molestiam.
1024 3426 1058 3476 25
1077 3423 1107 3476 21

94 3511 164 3550 eum.
239 3501 273 3550 26
291 3493 501 3549 minutissimae.
574 3499 607 3548 31
626 3493 772 3548 2122221112.
