2540 3802
522 118 559 128 -
608 81 763 146 250-

137 243 226 304 simili
244 244 374 304 ellicaeia
393 246 497 322 prosit,
517 244 676 304 dummodo
695 243 879 304 medicamen
895 243 1147 322 septimadecima
1244 263 1245 324 j

137 331 205 391 luna
229 343 436 412 componatnr3
460 351 496 392 ex
520 352 555 392 eo
579 350 649 410 ergo
673 333 743 392 fimo
767 340 910 412 quantum
935 334 1026 392 unius
1045 351 1147 394 manus

135 438 235 498 pugno
259 421 345 500 pleno
369 424 503 499 potueris
527 420 793 500 comprehendere,
817 420 977 481 dummodo
999 423 1093 499 inpar
1116 423 1149 481 sit

136 527 279 569 numerus
293 509 461 590 pilularum,
480 512 512 570 in
531 511 707 570 mortarium
723 512 824 570 mittes
839 518 927 588 atque
942 509 1056 570 adicies
1072 512 1149 588 pipe·
1244 511 1245 582 l

135 599 177 669 ris
196 616 286 676 grana
302 597 380 658 XXV
399 598 623 677 diligentissime
639 601 717 678 trita,
737 605 809 659 tunc
823 597 913 658 addes
928 597 1026 658 mellis
1046 601 1173 677 optimis

135 687 281 747 heminam
306 695 336 748 et
359 687 420 746 vini
443 689 594 747 veterrimi
617 689 722 766 optimi
745 684 776 746 8
795 685 822 745 ll
850 697 880 746 et
903 687 1042 746 contritis
1067 691 1151 766 prius
1244 735 1245 758 2

135 775 236 854 pilulis
260 778 398 836 universa
422 775 562 836 miscebis
586 783 616 835 et
639 793 767 854 repones
790 778 820 835 in
844 775 963 835 vasculo
988 777 1097 856 vitreo,
1122 785 1152 836 ut

138 883 205 924 cum
234 864 325 924 fuerit
353 882 427 942 opus
455 873 591 942 paratum
615 863 723 924 habeas
747 864 995 924 medicamentum
1020 864 1057 924 ad
1084 865 1153 925 sub·
1244 895 1245 904 ¹

134 953 326 1034 veniendum3
354 953 405 1012 sed
435 962 468 1014 ut
496 955 589 1012 maior
617 955 657 1012 sit
680 953 883 1012 medicaminis
906 953 1051 1032 efficacia,
1083 953 1153 1014 luna

135 1043 259 1119 septima
284 1041 397 1102 decima
420 1041 492 1102 illud
516 1043 612 1102 lacere
632 1040 755 1102 debebis
774 1051 892 1101 etcum
911 1041 1035 1101 daturus
1055 1042 1153 1102 fueris
1166 1057 1189 1095 1⁰
1244 1105 1245 1108 ,

135 1129 309 1210 remedium,
333 1149 348 1190 a
370 1130 417 1189 die
437 1130 513 1189 loris
532 1132 630 1208 incipe
651 1138 681 1190 et
699 1148 753 1208 per
772 1129 835 1190 dies
855 1137 969 1208 septem
989 1132 1152 1191 continuos

135 1215 211 1295 dato,
235 1219 274 1276 ita
299 1226 331 1277 ut
356 1220 408 1296 qui
431 1218 640 1280 remediandus
663 1227 710 1278 est
733 1227 814 1278 stans
835 1220 866 1278 in
891 1217 1019 1278 scabello
1044 1227 1153 1280 contra

136 1305 280 1364 orientem
305 1304 393 1366 bibat.
436 1306 516 1376 Quae
541 1309 630 1385 potio,
655 1309 681 1366 si
703 1308 752 1386 ita,
776 1315 810 1366 ut
833 1309 978 1385 scriptum
1002 1315 1058 1387 est,
1083 1307 1153 1368 data

135 1398 164 1452 et
187 1392 340 1454 observata
365 1395 464 1474 luerit,
488 1397 575 1455 etiam
600 1399 624 1456 si
648 1395 786 1455 omnibus
810 1395 944 1455 articulis
963 1403 993 1455 et
1011 1413 1087 1456 2222
1108 1399 1152 1457 in·

133 1481 237 1542 firmus
252 1491 483 1563 contractusque
498 1484 588 1544 luerit
601 1495 632 1544 et
645 1483 795 1544 inmobilis
810 1503 843 1544 22
858 1483 1034 1562 desperatus
1049 1487 1151 1546 iacue·
1165 1499 1186 1538 1⁵

133 1572 181 1651 rit,
205 1589 328 1631 necesse
353 1582 407 1652 est,
430 1581 464 1633 ut
487 1574 611 1652 septima
635 1573 683 1632 die
707 1572 844 1633 ambulet.

80 1666 113 1714 22
222 1659 349 1720 Sciatieo
369 1662 533 1723 remedium
550 1661 788 1722 efficacissimum
804 1663 860 1722 sic:
879 1660 1013 1722 Castorei
1027 1679 1150 1722 semun-

133 1749 217 1828 ciam,
240 1749 383 1830 pyrethri,
408 1752 488 1831 nitri,
511 1748 636 1829 eulorbi,
661 1750 782 1810 adarces
806 1752 909 1810 uncias
928 1748 1069 1830 singulas,
1091 1751 1152 1811 olei

135 1839 250 1915 cyprini
269 1837 387 1920 libram,
411 1857 486 1918 quae
505 1839 656 1899 tundenda
676 1847 764 1898 erunt
783 1841 892 1899 siccata
910 1837 1019 1898 tundes
1039 1847 1070 1897 et
1091 1842 1150 1900 cri·

132 1924 232 1986 brabis
257 1935 287 1986 et
310 1929 353 1987 sic
377 1927 441 1987 oleo
465 1929 588 2006 cyprino
611 1927 751 1988 miscebis
775 1935 803 1987 et
828 1927 976 2004 decoques
999 1935 1091 2005 atque
1114 1947 1150 1989 eo
1166 1941 1188 1980 2⁰

133 2014 328 2075 medicamine
353 2017 395 2076 sic
419 2018 522 2095 uteriS,
546 2024 580 2076 ut
604 2018 757 2076 sciaticum
781 2017 927 2076 iacentem
950 2016 981 2074 in
1001 2015 1064 2075 sole
1084 2016 1153 2077 diu·

133 2104 248 2164 tissime
271 2104 417 2183 perfrices
439 2107 470 2164 in
494 2123 575 2184 coxa,
600 2123 688 2183 quam
712 2103 801 2181 dolet,
825 2103 932 2163 deinde
951 2103 987 2162 ad
1007 2103 1153 2166 balneum

134 2190 225 2252 ducas
249 2202 278 2252 et
301 2211 369 2253 cum
394 2193 556 2272 sudaverit„
576 2193 743 2253 diutissime
768 2191 917 2271 conpellas
940 2193 1070 2252 intesta
1090 2193 1151 2254 cal-

133 2278 212 2338 daria
237 2283 422 2341 commorari.

79 2372 113 2422 23
221 2367 265 2426 Ad
294 2387 435 2430 coxarum
464 2377 494 2430 et
521 2368 690 2431 lumborum
719 2369 836 2430 dolores
863 2368 955 2429 herba
979 2367 1150 2450 chamaepi·
1166 2384 1200 2428 22,

79 2462 110 2509 22
132 2461 178 2533 tys
201 2459 328 2516 contrita
352 2477 388 2518 22
411 2461 478 2518 vino
497 2461 581 2537 potui
600 2459 667 2519 data
686 2458 847 2536 plurimum
867 2457 997 2536 prodest.
1034 2457 1150 2520 Cucur-

131 2542 210 2603 bitae
235 2547 347 2605 semine
371 2549 499 2607 contrito
523 2549 554 2606 in
577 2547 704 2608 ficulneo
731 2545 850 2606 vasculo
878 2547 992 2606 adiecto
1022 2545 1088 2607 oleo
1118 2557 1150 2608 et

132 2639 215 2692 aceto
245 2651 334 2693 22222
363 2643 392 2694 22
420 2634 513 2695 lumbi
541 2637 693 2714 perfricati
721 2642 859 2714 potenter
887 2643 1040 2716 sanantur,
1067 2638 1150 2697 sicut

132 2723 334 2798 experimenta
358 2723 533 2784 docuerunt.

79 2815 112 2864 25
222 2809 351 2888 Serpulli
369 2811 444 2871 aridi
461 2814 578 2871 contusi
598 2819 628 2872 et
646 2813 677 2871 in
696 2811 848 2890 pulverem
868 2812 981 2872 redacti
996 2811 1147 2891 scripulos
1162 2826 1189 2866 30

131 2905 194 2957 tres
213 2898 327 2958 adiecto
346 2899 463 2959 modico
484 2898 569 2959 melle
587 2902 735 2977 permisce
757 2909 786 2960 et
809 2919 846 2960 ex
868 2919 904 2961 22
928 2909 990 2960 tres
1009 2899 1148 2979 globulos

131 2986 248 3065 aequali
265 2987 397 3066 pondere
416 2987 505 3048 facito
524 2995 613 3066 atque
633 3007 668 3048 22
683 2988 730 3048 his
745 2988 877 3068 singulos
893 3007 961 3049 cum
976 2989 1064 3050 mulsi
1080 3009 1147 3069 cya-

131 3075 191 3136 this
214 3077 369 3156 tepefactis
392 3076 470 3137 binis
489 3077 588 3136 ieiuno
607 3077 813 3156 pertriduum
832 3077 909 3158 dato,
928 3077 1148 3138 incredibiliter

131 3163 300 3227 lumborum
319 3165 415 3226 dolori
434 3165 605 3246 medebere3
625 3166 704 3244 quod
725 3169 751 3225 si
768 3165 818 3225 illo
835 3165 936 3226 triduo
951 3185 1010 3226 non
1025 3169 1147 3244 penitus

132 3255 184 3329 qui
202 3251 316 3315 laborat
330 3255 421 3316 luerit
436 3253 598 3335 absolutus,
616 3257 726 3314 iterum
741 3271 794 3332 per
809 3253 889 3314 aliud
904 3254 1036 3314 triduum
1051 3254 1146 3316 dabis.
1161 3267 1186 3308 ³⁵

222 3443 254 3490 18
273 3439 401 3506 pirethri.
473 3441 552 3496 niori.
625 3447 661 3496 30
680 3438 824 3508 scripolos.
898 3447 932 3494 31
951 3441 1088 3510 globolos.
