2564 3794
568 133 807 197 -106-

179 317 213 358 ex
247 316 323 358 nuce
355 296 494 376 iuglande
527 295 702 357 instillatum
735 295 884 356 auriculae
913 297 1031 372 gravius
1060 294 1195 354 audienti

126 387 266 450 119valde
290 385 421 464 prodest.
458 384 546 446 Cedri
569 387 667 445 resina
691 385 797 463 hysopi
821 384 936 443 decocti
956 401 1031 462 aqua
1051 382 1144 443 diluta
1164 390 1194 442 et

178 475 328 536 auriculae
360 474 454 534 indita
487 475 602 534 sonitus
634 475 821 552 tinnitusque
853 490 956 533 omnes
989 471 1130 531 discutiet
1164 481 1195 532 et

127 571 297 626 tnoavertet
320 562 461 623 dolorem.
503 562 564 624 Ova
582 562 775 622 formicarum
799 563 926 622 contrita
949 569 979 620 et
1002 558 1125 620 auribus
1149 561 1193 619 in·

126 652 290 715 121stillata
305 653 438 731 quamvis
453 650 597 712 obtunsus
611 649 730 711 auditus
744 649 899 728 adaperire
911 649 1085 710 creduntur.
1104 647 1193 708 Canis
1208 664 1221 705 s

178 741 269 820 adeps
297 759 366 801 cum
393 739 457 800 oleo
482 747 581 800 vetere
605 749 634 799 et
658 757 730 799 suco
753 738 883 798 absinthi
907 737 1029 797 auribus
1052 736 1194 798 instillata

179 847 365 909 quacumque
390 847 426 889 ex
445 847 532 889 causa
552 828 726 888 exsurdatas
745 845 833 888 aures
852 827 927 886 miro
946 826 1033 886 modo
1053 843 1194 904 reparare

126 919 325 980 1nncreditur.
371 917 556 978 dironitrum
584 916 827 976 delicatissimum
856 922 886 974 et
912 914 970 974 mel
994 917 1139 992 optimum
1164 924 1195 974 et

178 1015 295 1067 acetum
318 1008 497 1066 acerrimum
520 1013 657 1066 conteres
681 1006 793 1083 pariter
815 1021 911 1082 usque
932 1002 967 1062 ad
988 1021 1133 1062 summam
1152 1001 1193 1062 le·

178 1097 298 1155 vitatem
318 1102 348 1155 et
367 1093 516 1154 auriculae
535 1093 688 1174 infundes3
707 1111 767 1152 non
782 1091 878 1154 solum
892 1091 1026 1152 auditum
1041 1093 1193 1170 restitues,
1210 1107 1234 1146 ro

127 1183 235 1244 tassed
260 1190 291 1242 et
314 1182 447 1242 dolorem
470 1181 646 1242 emendabit.
687 1181 795 1240 Parum
820 1179 973 1241 audientes
997 1186 1114 1240 acetum
1135 1181 1194 1239 uti-

126 1269 251 1332 tntliter
270 1269 454 1348 gargalizant.
489 1269 521 1329 Si
540 1269 658 1347 aliquod
678 1267 786 1328 animal
804 1285 905 1328 aurem
924 1269 1089 1348 intraverit,
1108 1285 1193 1346 prae·
1259 1335 1260 1338 Ἴ

178 1359 299 1436 cipuum
319 1357 483 1418 remedium
503 1367 548 1416 est
567 1359 718 1416 murinum
736 1355 774 1415 lel
789 1365 872 1416 aceto
892 1355 1019 1416 dilutum
1039 1355 1193 1416 instillare.
1259 1355 1260 1400 ἐ

126 1445 257 1510 125Gliri
283 1465 337 1507 seu
364 1445 472 1506 blattae
500 1444 586 1524 pellis
610 1444 777 1506 detrahitur
801 1452 831 1504 et
853 1447 994 1505 intestina
1018 1446 1082 1504 eius
1106 1443 1193 1504 deco-

178 1543 311 1614 quuntur
342 1536 373 1594 in
401 1551 469 1594 reso
500 1551 587 1594 aereo
615 1551 690 1594 novo
719 1551 788 1593 cum
815 1531 911 1592 mellis
939 1533 1066 1593 beminis
1094 1531 1193 1592 tribus
1209 1548 1235 1589 15

178 1642 273 1702 usque
306 1623 341 1684 ad
374 1624 478 1682 tertias
510 1629 599 1701 atque
631 1623 672 1682 ita
705 1628 852 1702 servatur,
885 1628 919 1681 ut
946 1640 1014 1682 cum
1043 1639 1118 1698 opus
1146 1629 1194 1682 est

125 1713 290 1790 laestrigili
312 1711 560 1771 medicamentum
584 1711 763 1789 tepefactum
787 1709 909 1771 auribus
934 1709 1117 1770 infundetur.
1160 1709 1194 1770 Si

178 1819 246 1860 caro
266 1802 393 1861 creverit
412 1801 443 1859 in
462 1799 612 1860 auriculae
631 1799 784 1878 foramine,
802 1799 1007 1876 conprimetur
1025 1799 1089 1858 siue
1111 1797 1192 1858 ferro

178 1897 207 1948 et
226 1889 327 1948 dolore
346 1888 541 1948 medicamine
560 1888 625 1948 tali:
639 1887 794 1948 -dluminis
809 1889 927 1947 unciam
942 1888 1106 1967 semissem,
1117 1888 1193 1966 misy

177 1978 238 2036 usti
261 2009 304 2018 —
324 1977 353 2059 S,
378 1977 528 2054 Sinopidis
552 1976 690 2037 rubricae
714 2009 756 2018 -
777 1975 810 2053 S,
833 1977 961 2054 gummis
984 2007 1028 2016 -
1052 1973 1087 2055 ὃς
1110 1977 1192 2035 tritis
1207 1993 1235 2032 ro

178 2067 286 2125 ceteris
305 2083 342 2126 ex
361 2073 444 2126 aceto
464 2067 526 2126 acri
545 2072 575 2125 et
593 2065 629 2124 ad
648 2067 743 2124 instar
765 2063 880 2142 collyrii
898 2063 1032 2142 levigatis
1051 2081 1192 2140 gummen
1259 2087 1260 2114 t

178 2153 374 2235 admiscetur,
401 2163 435 2214 ut
462 2152 573 2232 pastilli
600 2170 709 2231 corpus
733 2152 855 2232 efficiat,
883 2161 912 2212 et
936 2154 1014 2212 sicut
1037 2151 1192 2230 collyrium

177 2244 281 2302 tritum
301 2245 512 2320 superponitur
532 2248 583 2301 aut
601 2241 781 2321 infunditur3
804 2240 861 2300 hoc
880 2247 911 2300 et
929 2239 1025 2300 dolori
1043 2247 1073 2300 et
1091 2243 1193 2319 putori

126 2337 212 2392 latet
236 2330 351 2390 vulneri
374 2331 510 2390 medetur
533 2329 691 2390 auriculae.
733 2328 881 2389 Corticem
905 2329 941 2388 de
965 2329 1080 2388 fraxino
1104 2329 1193 2390 viridi

178 2418 328 2478 contunde
347 2437 381 2478 ac
400 2437 505 2478 sucum
526 2420 590 2478 eius
610 2417 742 2496 tepidum
757 2417 907 2478 auriculae
922 2417 1044 2477 adsidue
1059 2417 1191 2496 infunde,
1207 2433 1235 2474 ra

126 2507 276 2567 tnsdonec
300 2513 484 2584 persanetur.
524 2505 590 2584 Mel,
608 2523 751 2586 myrram,
774 2513 890 2566 acetum
915 2507 945 2565 in
970 2523 1002 2565 se
1026 2524 1137 2584 coques
1162 2513 1192 2566 et

125 2597 213 2656 1rcin
242 2613 343 2654 aurem
371 2594 504 2672 tepidum
533 2597 641 2654 mittes.
687 2594 870 2655 dironitrum
895 2594 1137 2654 delicatissimum
1162 2604 1192 2654 et

177 2682 235 2742 mel
259 2683 403 2760 optimum
427 2692 457 2742 et
476 2689 591 2742 acetum
611 2684 789 2742 acerrimum
808 2689 945 2743 conteres
964 2685 1077 2761 pariter
1096 2701 1191 2761 usque

178 2771 213 2830 ad
247 2771 396 2830 levitatem
427 2779 456 2830 et
484 2771 664 2849 tepefactum
693 2770 842 2831 auriculae
871 2771 1017 2831 infundes.
1063 2769 1191 2848 Propter

125 2859 320 2920 130ellectum
335 2859 517 2918 medicamen
533 2861 641 2919 iterum
656 2860 840 2937 scripsimus.
867 2859 953 2919 Porri
968 2859 1070 2918 sectivi
1084 2875 1190 2917 sucum
1206 2875 1234 2914 eo

178 2954 208 3006 et
231 2946 335 3008 lotium
359 2949 424 3026 apri
447 2955 476 3006 et
499 2947 596 3008 oleum
620 2949 776 3026 cyprinum
794 2949 858 3026 pari
877 2946 1008 3024 pondere
1027 2947 1190 3024 coniunges

126 3044 213 3096 latet
240 3035 420 3113 tepefactum
448 3035 570 3096 auribus
598 3035 764 3095 instillabis.
810 3033 952 3114 Herbam‚
981 3051 1056 3112 quae
1080 3033 1191 3094 Gallice

178 3131 317 3183 vernetus
340 3123 459 3202 dicitur,
483 3131 619 3183 conteres
639 3131 669 3182 et
688 3124 836 3201 exprimes
855 3130 885 3181 et
904 3139 1009 3182 sucum
1028 3123 1093 3181 eius
1113 3126 1191 3183 auri-

248 3279 264 3328 2
288 3273 379 3344 ysopi.
470 3280 486 3328 5
510 3272 607 3328 audito
630 3273 767 3342 adperire.
858 3277 890 3324 12
911 3271 1093 3342 gargaligant
1120 3277 1191 3344 (sic).

179 3351 212 3398 13
232 3348 351 3400 acetum.
431 3351 463 3399 19
483 3343 555 3399 misi.
628 3350 663 3398 20
682 3343 787 3410 senopi.
859 3341 987 3396 rubricae
1006 3359 1057 3397 om.
1126 3353 1193 3416 post

177 3416 297 3482 gummis
318 3446 350 3456 -
367 3415 385 3470 8
404 3417 468 3471 add.
488 3416 588 3470 rubrae
607 3445 641 3456 -
657 3413 683 3470 S.
747 3418 782 3467 25
800 3410 921 3468 assidue.
985 3418 1019 3469 33
1034 3422 1100 3484 post
1118 3420 1194 3473 auri·
1259 3435 1260 3466 r

178 3487 258 3540 culae
278 3488 342 3542 add.
362 3503 443 3554 quse.
