2636 3790
486 121 705 186 -33-

85 283 161 344 hene
181 283 252 344 lacit
270 292 446 344 centaureae
462 285 561 344 tenuis
581 301 672 344 sucus
691 301 759 343 oum
774 291 857 344 aceto
873 283 967 344 calido
982 285 1099 346 inlusus

85 375 183 452 capiti.
231 371 276 432 Ad
304 373 409 451 capitis
435 371 594 433 molestum
623 379 652 433 et
680 371 829 432 diutinum
853 372 985 434 dolorem
1009 375 1099 436 medi·
1119 385 1154 435 ³8

85 464 202 522 camina
224 461 301 521 inira
326 462 437 540 scripta
461 462 564 522 iacies:
587 460 720 522 Hederae
745 461 847 538 nigrae
871 460 940 522 folia
963 465 1033 524 trita
1051 464 1100 526 ad·

85 553 178 610 mixto
203 557 295 629 aceto,
319 549 393 628 oleo,
417 551 494 630 vino,
517 551 620 628 aequis
644 548 841 630 portionibus,
865 550 944 629 quod
963 552 1101 634 sufficiat,

59 641 116 698 aiu
150 637 269 698 vasculo
298 637 432 716 quolibet
460 639 575 698 lervere
603 638 693 698 iacies
721 656 755 698 ac
784 646 886 716 postea
914 639 1043 699 frontem
1071 649 1102 702 et

84 736 221 806 tempora
245 726 328 787 lines.
376 727 496 787 Cicutae
520 726 588 786 lolia
612 737 663 787 aut
686 728 711 786 si
737 725 805 786 lolia
829 744 889 787 non
913 727 1033 808 luerint,
1056 747 1101 789 ra-

85 816 183 876 dicem
213 817 277 876 eius
304 823 385 876 teres
414 822 444 875 et
471 815 562 875 fronti
590 815 697 876 inlines
730 822 781 876 aut
808 816 840 875 in
868 815 994 876 saccello
1023 815 1101 877 lineo

84 905 119 965 ad
144 904 273 964 frontem
292 903 466 982 suspendes.
503 904 591 964 Aloes
611 895 650 989 ,β
670 901 720 984 Vl,
744 905 825 964 croci
845 896 885 990 701
905 903 952 986 Vl,
973 909 1102 983 gummis

85 987 125 1080 9·
156 992 206 1074 Vl,
239 992 338 1054 album
371 995 418 1052 ovi
450 1000 480 1053 et
509 991 623 1052 cocleas
652 993 781 1052 minutas
809 1010 935 1053 numero
959 992 995 1074 V,
1028 993 1101 1056 haec

48 1099 70 1138 to
84 1085 225 1143 universa
250 1089 386 1142 conteres
410 1083 439 1141 in
463 1083 606 1141 mortario
631 1098 795 1140 marmoreo
819 1089 850 1142 et
868 1089 952 1142 aceto
971 1083 1101 1144 admixto

83 1172 179 1232 lronti
201 1169 318 1230 inlines.
355 1169 500 1230 Rasamen
523 1177 633 1249 pastae,
657 1168 735 1248 quod
759 1170 791 1229 iu
814 1170 929 1248 magide
952 1171 1101 1252 adhaeret,

84 1252 124 1346 9·
142 1257 180 1318 Vl
199 1266 229 1318 et
246 1267 345 1319 cretae
361 1251 401 1344 β
416 1256 453 1317 Vl
472 1266 503 1318 et
521 1256 678 1318 bulborum
698 1259 884 1319 incoctorum
900 1251 995 1345 ,2111
1013 1263 1101 1322 tritos

83 1358 113 1409 et
143 1346 303 1408 medullam
330 1349 392 1406 sive
420 1346 554 1408 vitellum
581 1349 628 1406 ovi
651 1345 799 1425 gallinacii
828 1355 966 1408 conteres
989 1352 1102 1427 pariter

83 1456 120 1498 ex
151 1444 235 1497 aceto
264 1444 295 1496 et
321 1435 413 1496 lronti
439 1434 556 1496 inlines.
602 1434 681 1496 lluri
709 1435 867 1496 cerebrum
894 1436 981 1498 tolles
1010 1447 1040 1499 et
1070 1440 1102 1498 iu

45 1529 156 1586 levino
176 1527 276 1585 mittes
295 1543 329 1584 ac
349 1532 530 1584 maceratum
549 1531 580 1584 et
593 1526 698 1585 tritum
712 1525 804 1585 fronti
823 1525 939 1586 inlines.
976 1525 1102 1588 Eulorbi

85 1607 126 1700 ᾖ
143 1613 165 1692 Ι,
180 1615 262 1674 croci
276 1606 316 1698 ξι
331 1611 367 1671 Vl
384 1614 531 1690 permisce
550 1631 618 1673 cum
633 1622 717 1674 aceto
737 1623 766 1673 et
780 1616 893 1690 pariter
907 1613 983 1674 hene
998 1618 1103 1675 tritum

83 1704 180 1764 irouti
203 1701 303 1762 inliue.
340 1701 474 1761 llederae
499 1719 589 1762 sucus
613 1702 724 1762 densus
748 1701 838 1761 fronti
863 1709 893 1762 et
917 1703 1102 1781 temporibus

83 1791 225 1852 inlinitur
244 1801 273 1852 et
293 1807 361 1850 cum
381 1791 508 1850 siccatus
528 1791 627 1869 luerit,
646 1791 755 1850 iterum
774 1788 924 1870 inlinitur3
947 1807 1006 1869 quo
1026 1790 1103 1851 iacto

84 1879 185 1941 dolori
200 1881 305 1959 capitis
320 1886 459 1957 potenter
473 1878 656 1940 subvenitur.
682 1878 726 1938 Ad
742 1877 982 1955 conpescendum
997 1882 1102 1958 capitis
1122 1891 1156 1939 39

44 1985 70 2025 ao
85 1968 222 2030 dolorem
250 1967 389 2046 pollinem
419 1969 495 2027 turis
522 1985 590 2028 cum
613 1968 687 2027 visci
714 1966 845 2044 scripulo
873 1967 985 2044 pariter
1013 1967 1104 2029 ironti

84 2057 189 2118 inline.
227 2055 312 2126 Quod
327 2059 353 2116 si
368 2055 468 2116 dolore
488 2055 619 2117 medium
639 2064 728 2134 caput
747 2054 819 2116 lindi
839 2054 996 2136 videbitur,
1014 2055 1104 2116 hede-
1122 2067 1158 2116 4ο

85 2165 152 2208 ram
181 2145 331 2206 contunde
355 2163 389 2204 ao
413 2163 518 2206 sucum
543 2146 608 2204 eius
631 2144 696 2204 oleo
719 2161 842 2205 rosaceo
865 2145 958 2204 misce
982 2153 1104 2206 etcum

85 2233 211 2295 linteolo
234 2234 345 2294 mundo
369 2233 461 2294 fronti
484 2233 630 2313 inducito,
653 2243 786 2311 tempora
811 2250 930 2312 quoque
954 2251 990 2293 ex
1014 2252 1049 2294 eo
1073 2242 1104 2294 ot

85 2341 177 2384 nares
196 2340 343 2402 perunge3
367 2321 446 2400 quod
467 2323 492 2382 si
511 2324 627 2400 grauior
646 2320 731 2382 dolor
750 2323 850 2402 luerit,
870 2323 958 2382 etiam
978 2322 1105 2384 cerebro

47 2427 71 2468 aa
87 2411 282 2490 superfunde.
320 2409 431 2470 Limaoi
450 2409 605 2490 calculum,
626 2429 714 2489 quem
733 2413 764 2471 in
783 2412 880 2489 capite
903 2409 1001 2491 hahet,
1021 2411 1104 2492 tolle;
1123 2421 1157 2470 41

87 2499 169 2580 quod
194 2517 255 2560 non
278 2498 363 2559 lacile
387 2499 491 2578 facies,
521 2501 580 2558 nisi
607 2501 648 2579 ei,
677 2499 747 2559 dum
771 2501 802 2559 in
826 2502 871 2559 via
895 2501 986 2580 repit,
1016 2508 1105 2579 caput

87 2589 190 2650 subito
214 2587 390 2648 abscideris:
415 2605 504 2666 quem
527 2587 653 2666 lapidem
673 2588 815 2666 quamdiu
837 2595 935 2648 tecum
954 2587 1104 2668 habueris,

86 2695 253 2755 numquam
275 2675 370 2736 ullum
393 2675 527 2736 dolorem
550 2677 657 2754 capitis
680 2695 735 2737 nec
760 2678 870 2738 senties
894 2694 949 2736 neo
973 2678 1104 2754 patieris.

86 2767 181 2827 Lauri
204 2765 291 2825 bacas
310 2783 435 2826 numero
456 2764 478 2822 V
497 2783 533 2825 ex
551 2771 636 2825 aceto
655 2773 776 2826 contere
796 2773 847 2826 aut
865 2771 979 2843 septem
998 2765 1104 2843 pilulas
1123 2775 1157 2822 42

50 2871 74 2910 oo
89 2855 235 2915 stercoris
259 2855 373 2932 caprini
396 2872 432 2913 ex
455 2861 539 2914 aceto
564 2861 629 2914 tere
653 2862 682 2914 et
705 2854 796 2914 fronti
820 2852 919 2912 inline.
956 2852 1055 2914 Herba
1074 2856 1105 2913 in
1123 2863 1158 2912 43

87 2945 187 3023 capite
204 2949 317 3003 statuae
332 2941 492 3003 cuiuslibet
506 2944 588 3003 nasci
603 2942 686 3023 solet,
697 2960 731 3002 ea
746 2943 937 3002 decrescente
952 2941 1022 3002 luna
1036 2941 1105 3003 sub-

87 3033 146 3094 lata
172 3033 321 3110 capitique
346 3030 548 3110 circumligata
571 3029 704 3091 dolorem
723 3030 813 3111 tollit3
837 3032 997 3090 emicranio
1016 3033 1106 3092 etiam

88 3122 254 3182 efficaciter
272 3119 418 3200 medetur,
442 3121 517 3180 siin
537 3137 633 3198 panno
653 3119 720 3180 rulo
739 3119 798 3179 lino
822 3119 889 3179 rulo
908 3118 997 3197 ligata
1015 3121 1106 3198 capiti

87 3210 135 3271 vel
151 3208 337 3287 temporibus
351 3207 495 3287 alligetur.
523 3207 664 3269 Radicem
680 3207 869 3287 atractylidos
883 3207 1002 3288 herbae,
1017 3225 1106 3286 quam
1124 3218 1160 3266 44

51 3313 75 3352 ³⁵
89 3300 187 3360 nostri
215 3297 358 3358 carduum
386 3293 506 3375 vocant,
535 3295 582 3356 vel
610 3298 674 3356 eius
703 3314 817 3357 ramum
846 3294 892 3356 vel
915 3295 1019 3356 liorem
1043 3297 1106 3355 acia

163 3485 295 3554 icapud.
351 3486 468 3542 8alues.
523 3483 637 3540 anullo.
694 3489 727 3538 32
742 3482 905 3553 emigranio.
953 3488 988 3537 33
1002 3481 1106 3552 legata.

144 3586 306 3638 mantuane,
319 3595 358 3626 nn.
372 3586 528 3624 Humana,
930 3576 947 3624 3
