2540 3802
527 123 764 189 —252-

139 287 250 349 calidae
275 286 387 367 cyathis
412 287 535 347 totidem
554 295 675 366 epotum
697 289 823 347 maxime
843 285 965 365 prodest
983 286 1157 348 lumborum

85 387 120 437 35
140 375 243 437 dolori.
272 375 323 435 Fel
342 385 439 436 terrae
459 377 564 436 tritum
583 393 619 435 ex
638 377 841 436 vetustissimo
859 377 928 435 vino
947 374 1053 436 bibere
1074 376 1157 436 dabis

138 467 239 526 ieiuno
267 483 358 544 supra
385 465 476 525 limen
505 465 596 524 stanti
622 482 683 523 uno
711 464 801 544 pede,
829 466 881 542 qui
904 482 1009 524 coxam
1033 464 1158 544 dolebit,

140 553 193 616 sed
216 573 276 614 non
299 556 330 614 in
354 557 430 614 vitro
453 553 530 613 banc
554 554 704 632 potionem
727 552 817 614 bibat.

86 655 120 703 36
227 642 372 704 Praesens
399 641 565 702 remedium
593 640 629 701 ad
658 659 747 701 coxae
776 640 909 701 dolorem
938 643 997 703 sic:
1029 641 1181 702 Artemi-⁵

139 734 212 792 siam
240 731 352 792 aridam
381 729 503 811 tondes,
536 729 682 790 cribrabis
716 737 747 790 et
778 749 815 790 ex
843 731 911 789 vino
939 728 1023 790 dabis
1052 729 1158 791 bibere

86 831 119 881 et
139 823 256 900 ieiuno,
278 822 420 880 continno
444 818 650 879 emendabitur
673 820 786 879 vitium.
827 817 944 878 Herbae
967 819 1105 898 pteridis,
1129 818 1158 879 id
1247 806 1248 848 t

140 917 186 970 est
213 909 354 988 filiculae,
381 926 457 988 quae
485 910 558 968 ratis
586 907 696 967 Gallice
725 908 834 968 dicitur
862 925 998 986 quaeque
1028 910 1061 967 in
1091 909 1158 986 fago
1248 904 1249 924 ³

141 1016 228 1078 saepe
257 1000 403 1077 nascitur,
433 998 549 1058 radices
576 1005 682 1057 tunsae
709 998 740 1056 iu
769 998 889 1074 potione
917 998 1017 1056 ieiuno
1046 996 1159 1058 dantur
1249 1002 1250 1008 ’

141 1105 210 1148 cum
234 1088 304 1146 vino
326 1103 467 1146 coxarum
491 1085 643 1145 doloribus
666 1084 820 1145 laboranti.
1172 1102 1195 1141 ro

87 1185 122 1234 38
229 1173 377 1234 Hederam
396 1183 426 1234 et
443 1173 566 1234 be'rbam
582 1173 720 1233 Sabinam
736 1176 838 1253 eequis
852 1172 1041 1252 portionibus
1056 1175 1160 1235 tritam
1251 1205 1252 1210 κ

144 1280 180 1321 ex
208 1264 275 1322 vino
305 1269 424 1321 austero
448 1261 484 1321 ad
508 1261 627 1322 modum
652 1261 799 1322 avellanae
822 1262 887 1322 dari
910 1263 1032 1323 sciatico
1056 1265 1161 1324 ieiuno

143 1357 261 1428 oportet
280 1368 334 1428 per
353 1349 495 1428 triduum,
515 1349 617 1410 eadem
632 1352 713 1429 potio
728 1353 816 1410 etiam
831 1349 910 1411 aliud
925 1350 1035 1411 malum
1051 1370 1161 1412 coxen-

88 1450 122 1499 39
143 1438 217 1499 dicis
246 1449 361 1518 purgat.
403 1437 529 1516 Trixago
557 1438 649 1498 herba
673 1439 830 1500 fervefacta
854 1457 922 1500 cum
946 1453 1021 1518 aqua
1047 1458 1081 1500 ac
1107 1442 1162 1500 tri-

88 1539 122 1587 40
141 1528 200 1588 duo
223 1530 308 1607 potui
331 1529 397 1588 data
422 1529 577 1588 sciaticum
601 1529 725 1588 mirifice
755 1537 845 1588 sanat.
885 1527 1072 1588 Corcodillus
1095 1537 1161 1590 ter·
1175 1545 1197 1585 rs

143 1635 235 1677 renus
263 1619 406 1696 praecisis
436 1619 560 1677 summis
583 1616 719 1695 partibus
743 1620 911 1695 egestisqne
934 1619 1098 1677 interaneis
1125 1636 1162 1678 ex

145 1708 210 1766 iure
234 1714 337 1766 coctus
361 1705 472 1766 cibatui
494 1707 580 1766 datus
604 1723 742 1784 magnum
767 1707 896 1766 sciaticis
921 1712 1053 1784 praestat
1077 1709 1163 1766 auxi-

89 1805 122 1852 41
144 1793 225 1854 lium.
262 1793 365 1855 Fimus
388 1812 521 1873 aprunus
545 1796 611 1853 vino
636 1795 780 1854 remissus
799 1794 964 1873 tepefactus
984 1793 1163 1874 colatusque

146 1893 176 1943 et
200 1882 326 1943 duorum
351 1883 525 1962 cyathorum
549 1900 688 1942 mensura
710 1883 794 1961 potui
818 1883 904 1942 datus
928 1884 1058 1942 sciaticis
1082 1883 1163 1944 salu-

92 1982 126 2030 42
145 1970 276 2032 berrime
300 1971 445 2032 medetur.
482 1971 617 2051 liubiam,
641 1989 699 2049 qua
718 1970 810 2049 pelles
829 1971 1012 2050 inficiuntur,
1035 1973 1162 2032 cottidie
1176 1989 1201 2029 so

90 2071 124 2121 43
143 2059 247 2120 bibere
267 2062 397 2120 sciaticis
416 2059 489 2120 utile
508 2068 554 2119 est
573 2069 603 2118 et
622 2062 653 2119 in
672 2059 776 2120 balneo
796 2059 924 2128 ferventi
941 2059 1041 2120 lavari.
1071 2059 1163 2121 Geni·

145 2157 207 2210 stae
227 2150 302 2210 rami
321 2148 457 2227 plurimis
476 2147 581 2208 diebus
600 2149 631 2207 in
650 2157 733 2208 aceto
748 2157 946 2227 macerantur,
965 2147 1071 2208 deinde
1090 2157 1162 2210 tun·

143 2237 256 2298 duntur
280 2245 310 2296 et
333 2238 551 2315 exprimuntur,
575 2254 610 2296 ex
634 2255 669 2297 eo
689 2255 760 2298 suco
780 2237 904 2316 cyathus
923 2255 1001 2298 nnus
1020 2237 1057 2297 ad
1079 2237 1161 2298 diem

145 2326 275 2405 sciatico‚
298 2342 454 2404 quousque
478 2331 608 2405 sanetur,
632 2326 765 2387 ollertur.

91 2423 126 2472 44
234 2411 352 2472 limum
376 2412 521 2474 bubulum
545 2411 722 2494 ferventem,
750 2431 838 2493 quem
863 2415 892 2474 in
918 2415 1018 2474 cinere
1042 2413 1163 2476 ardenti
1177 2433 1207 2473 25

147 2499 328 2582 calefeceris,
352 2519 492 2562 coxarum
515 2500 611 2562 dolori
633 2505 777 2582 inponite,
800 2501 963 2580 plurimum
985 2503 1117 2581 prodest.

91 2598 125 2650 45
235 2587 350 2649 Vermis
373 2597 513 2650 terrenus
534 2590 684 2651 exfoditur
702 2598 733 2651 et
751 2593 782 2650 in
801 2590 898 2670 ligneo
918 2609 1009 2652 cauco
1027 2593 1161 2671 ponitur,

145 2678 170 2737 si
193 2677 259 2736 fieri
278 2685 377 2755 potest
396 2679 466 2738 fisso
486 2686 516 2738 et
534 2679 614 2738 ferro
633 2679 759 2759 alligato,
782 2688 855 2740 tunc
874 2697 950 2757 aqua
968 2680 1162 2758 perfunditur

145 2783 311 2844 rursusque
335 2767 440 2826 eodem
462 2766 537 2845 loco,
561 2767 639 2827 unde
663 2767 796 2845 prolatus
820 2777 874 2846 est,
894 2768 1058 2848 defoditur3
1082 2786 1160 2846 aqua

145 2873 226 2936 vero,
249 2857 279 2914 in
303 2872 361 2933 qua
385 2854 498 2915 dilutus
522 2863 576 2934 est,
599 2857 630 2915 in
655 2856 758 2916 eodem
781 2855 889 2936 poculo
913 2855 1025 2917 bibitur
1049 2858 1156 2916 ascia·
1173 2874 1204 2915 eo

144 2945 204 3004 tico
228 2943 265 3002 ob
289 2945 404 3021 insigne
428 2943 601 3003 remedium.
851 2949 852 2953 ’

91 3044 125 3094 46
234 3031 278 3092 Ad
306 3034 436 3092 nesciam
469 3032 633 3093 remedium
664 3034 720 3093 sic:
753 3032 852 3092 Herba
880 3031 1056 3112 pentasyllos
1079 3032 1160 3093 foliis

145 3121 296 3200 fragorum
324 3121 472 3182 simillima
498 3121 575 3181 lovis
604 3122 652 3182 die
681 3121 803 3182 collecta
836 3129 866 3182 et
893 3140 962 3182 cum
992 3123 1059 3181 vino
1087 3122 1158 3182 trita

234 3275 330 3346 3qni]
351 3292 406 3344 quo
470 3274 597 3345 4bibat]
613 3273 707 3328 debat.
764 3275 980 3328 darlemesiam.
1031 3273 1159 3342 tbepte-

145 3343 222 3398 ridie.
287 3346 478 3401 Sfilicicnlae.
543 3351 575 3400 13
595 3345 709 3414 oportit.
775 3351 806 3398 19
826 3347 971 3414 cyclorum
990 3359 1158 3399 mensuram.

146 3420 180 3468 20
199 3417 316 3470 robiom.
388 3423 423 3470 24
442 3416 572 3472 sceatico.
645 3423 679 3470 25
699 3415 820 3470 cinerem
842 3415 965 3470 ardente.
1038 3421 1073 3470 80
1092 3431 1159 3469 vero

145 3485 174 3538 in
192 3501 248 3552 qua
266 3503 317 3542 om.
389 3488 419 3540 in
437 3505 488 3542 cm.
561 3487 690 3542 sceatico.
