2564 3794
477 157 718 218 —113-

91 321 149 382 duo
171 321 255 398 digiti
273 318 364 378 medii
382 316 442 378 lino
462 316 550 378 simul
569 317 755 396 copulentur,
779 319 879 378 statim
901 319 1036 398 proderit
1054 319 1103 378 ad-

91 427 210 470 versum
238 409 376 486 pituitam
404 415 434 466 et
461 405 650 485 gravedinem
674 416 703 466 et
727 405 954 467 destillationem
977 409 1102 468 narium.

91 498 171 559 Ciuis
198 505 344 557 testarum
372 514 408 556 ex
432 497 553 574 ostreis,
581 498 606 555 si
631 497 662 556 in
692 512 805 555 morem
833 493 902 555 salis
925 514 1000 573 pane
1023 496 1104 556 colli·
1123 509 1157 560 72

91 595 178 666 gatur
197 595 227 646 et
245 591 375 664 voretur,
395 585 494 644 statim
511 583 547 644 ad
561 583 770 644 removendam
784 583 972 661 gravedinem
987 587 1103 646 narium

64 674 238 754 uproderit3
261 675 344 751 porri
367 690 485 751 quoque
509 673 629 750 capitati
652 671 721 732 folia
744 673 870 754 incocta,
900 675 925 733 si
944 675 1010 734 sine
1029 691 1104 752 pane

91 763 318 841 manducentur,
336 761 497 840 plurimum
519 768 654 840 prosunt.
687 759 820 839 Corrigia
839 763 944 822 canina
963 761 1032 822 rudi
1050 779 1105 822 nec
1124 777 1157 826 va

91 869 232 930 umquam
260 858 349 910 uncta
379 849 504 928 quilibet
536 849 646 928 digitus
673 851 704 908 in
738 851 840 927 quavis
873 869 963 911 manu
997 850 1105 929 ligatus

92 939 256 1002 remedium
281 936 499 998 destillantibus
522 937 645 998 naribus
668 946 807 1016 praestat.
850 937 955 1000 Oleum
979 939 1106 1000 calidum
1126 953 1160 1002 74

93 1031 173 1090 cumi
195 1028 356 1088 dormitum
376 1029 413 1106 ei,
433 1028 485 1104 qui
499 1027 681 1105 gravidinem
699 1028 816 1086 narium
834 1031 955 1108 patitur,
974 1031 1005 1088 in
1024 1046 1105 1088 cere·

56 1117 181 1178 rubrum
197 1115 364 1176 infunditur
384 1123 414 1175 et
427 1117 459 1174 in
473 1132 561 1176 aures
575 1117 745 1190 inmittitur,
759 1113 827 1175 ilico
842 1117 972 1194 prodest.
1001 1117 1107 1178 Ostrea
1127 1131 1159 1180 75

94 1209 134 1266 ita
162 1214 195 1265 ut
223 1204 298 1264 lecta
321 1212 392 1264 sunt
415 1203 511 1264 adhuc
538 1206 624 1264 testis
652 1206 714 1264 suis
742 1202 841 1265 clausa
868 1207 900 1267 in
928 1205 1107 1267 carbonibus

19 1283 20 1346 l
95 1301 264 1372 coquuntur
283 1301 370 1371 atquc
389 1295 429 1353 ita
449 1292 515 1353 cibo
535 1293 643 1353 dantur
662 1295 698 1373 ei,
717 1295 769 1372 qui
789 1295 971 1372 gravidinem
990 1297 1107 1356 narium

94 1385 220 1463 patitur3
243 1389 324 1442 creta
348 1400 466 1460 quoquc
486 1381 607 1442 Cimolia
626 1400 662 1441 ex
680 1389 762 1442 aceto
780 1391 867 1443 tunsa
888 1403 976 1461 quam
995 1385 1107 1445 densis·

96 1475 168 1532 sima
189 1470 281 1530 ironti
300 1472 364 1530 eius
383 1472 545 1550 inponitur,
564 1473 613 1531 cui
632 1472 752 1548 sanguis
766 1471 812 1532 vel
825 1474 931 1551 pituita
946 1472 1107 1534 descendit.

58 1580 82 1618 15
95 1559 249 1620 Masticem
279 1577 347 1619 cum
375 1561 478 1637 pipere
505 1561 626 1619 mixtam
655 1561 706 1637 qui
733 1559 786 1620 diu
812 1561 1108 1638 commanducavcrit,
1128 1575 1161 1624 76

97 1647 237 1710 calefacto
265 1647 389 1708 cerebro
417 1666 534 1708 omnem
564 1665 697 1708 umorem
720 1649 837 1708 narium
861 1649 1019 1709 cohibebit.
1060 1647 1109 1708 Git
1129 1665 1161 1714 vv

97 1736 225 1798 calidum
253 1744 394 1796 tostatum
422 1737 453 1796 in
482 1736 601 1796 linteolo
629 1735 809 1812 conligatum
837 1745 867 1797 et
895 1756 982 1816 saepe
1006 1736 1109 1796 odora·

97 1835 161 1886 tum
176 1825 358 1902 gravidinem
373 1827 490 1885 narium
509 1835 539 1884 et
552 1827 689 1902 pituitam
704 1823 838 1906 depellit3
859 1827 975 1886 tunicae
991 1842 1109 1904 quoque

97 1915 207 1974 veteris
231 1912 392 1974 conbustae
416 1913 515 1974 sumus
538 1911 711 1990 frequenter
734 1912 857 1974 naribus
876 1914 1012 1975 admotus
1030 1914 1109 1973 idem

58 2021 82 2060 oo
97 2011 236 2080 praestat.
264 2001 402 2062 Proderit
416 2003 444 2062 ei
458 2002 630 2080 plurimum,
644 2002 696 2079 qui
710 2001 892 2080 gravidinem
907 2006 1022 2063 narium
1038 2003 1110 2081 pati·
1130 2019 1163 2066 78

97 2104 160 2172 tur,
189 2093 214 2151 si
241 2093 273 2150 in
296 2090 398 2151 charta
422 2109 453 2150 se
477 2097 617 2167 emungat
644 2107 768 2168 eamque
794 2090 940 2169 alligatam
968 2090 1110 2170 epistolae

97 2180 184 2240 modo
208 2181 239 2239 in
263 2178 415 2257 publicum
439 2178 559 2258 abiciat,
588 2186 618 2238 et
645 2181 671 2238 si
698 2179 729 2238 in
753 2181 884 2240 cinerem
907 2198 939 2240 se
963 2189 1111 2260 emungat,

96 2286 191 2347 aeque
214 2269 350 2346 proficiet
373 2268 409 2327 ad
433 2269 597 2327 sanitatem.
638 2265 735 2327 Salem
758 2275 871 2329 torreat
894 2271 972 2329 etin
992 2279 1110 2330 noctem
1131 2290 1164 2339 79

97 2357 156 2418 sibi
170 2356 206 2416 ad
221 2356 380 2417 cerebrum
393 2358 424 2416 in
440 2373 525 2416 sacco
540 2355 620 2436 liget,
639 2357 691 2433 qui
705 2358 841 2434 pituitam
855 2359 976 2436 patitur.
1002 2358 1111 2438 Gepam
1130 2379 1164 2427 80
1191 2374 1194 2380 ·

58 2465 83 2504 os
97 2445 197 2505 diram
212 2445 407 2506 conditoriam
423 2453 577 2505 contusam
594 2461 662 2504 cum
676 2453 759 2504 aceto
778 2447 924 2506 acerrimo
939 2450 1110 2508 commisce·

96 2534 144 2594 bis
173 2542 203 2594 et
231 2533 362 2612 adpones
390 2533 514 2594 naribus
537 2535 615 2612 eius,
644 2533 692 2592 cui
716 2537 835 2611 sanguis
858 2535 936 2616 lluit,
965 2545 995 2596 et
1017 2537 1053 2596 ad
1080 2554 1111 2596 se

97 2621 221 2683 naribus
250 2622 347 2682 trahat
370 2631 400 2682 ct
427 2623 513 2701 quasi
536 2620 662 2700 sorbeat,
687 2624 787 2682 statim
810 2623 939 2686 cessabit
962 2627 1059 2686 sanies
1083 2633 1114 2686 et

97 2711 198 2772 llrvxus
212 2710 405 2774 inhibebilur.
435 2711 576 2778 Radiccm
591 2709 735 2771 cannabis
746 2710 867 2772 brachio
886 2713 990 2774 dextro
1010 2713 1112 2792 ligat03
1131 2736 1166 2785 81

98 2803 125 2860 si
154 2808 249 2861 totum
278 2799 432 2862 brachium
461 2801 590 2860 cinxeris
618 2799 655 2859 de
683 2801 747 2877 ipsa
774 2802 887 2881 radice,
917 2802 1022 2865 melius
1047 2804 1112 2881 erit,

57 2891 146 2950 cosin
174 2907 245 2948 vero
273 2898 389 2966 partem
416 2887 569 2962 habueris,
600 2887 677 2949 collo
708 2888 856 2968 suspende
885 2889 1002 2967 ligatam
1035 2891 1113 2970 licio,

99 2977 180 3056 quod
204 2979 235 3037 in
258 2977 316 3037 tela
339 2978 442 3058 fucrit,
471 2985 501 3036 et
524 2986 557 3037 ut
580 2979 670 3053 scias,
694 2985 804 3054 quanta
827 2980 870 3038 vis
894 2980 933 3038 sit
955 2979 1044 3040 huius
1068 2997 1113 3039 re-

98 3066 204 3146 medii,
232 3065 284 3126 ubi
311 3065 475 3144 alligaveris
502 3065 578 3126 hanc
601 3065 745 3145 radicem,
774 3068 871 3126 statim
900 3070 1020 3146 sanguis
1048 3086 1113 3147 per·

173 3235 436 3292 2distillati0nem.
533 3235 692 3306 beorrigio
717 3234 816 3290 canino
839 3241 896 3291 lm.
991 3240 1116 3290 iuncta

101 3309 195 3363 Plau:
220 3305 316 3362 uincto
341 3313 389 3362 im
412 3307 508 3362 uincla
527 3312 586 3362 2m.
677 3314 693 3361 9
718 3305 892 3376 gravidinem
914 3311 963 3360 im
986 3306 1115 3376 gravedi-

99 3397 167 3434 nem
185 3384 245 3435 2m.
316 3385 348 3432 13
369 3378 546 3434 ohimmonia.
620 3383 653 3430 16
672 3377 827 3432 humorem.
899 3383 933 3430 23
952 3377 1053 3446 aeque]
1073 3393 1114 3431 ae.

100 3455 135 3504 25
156 3447 329 3506 commisces.
386 3455 420 3504 28
439 3446 614 3502 inhibebitur
631 3449 744 3518 scripsi:
762 3447 906 3501 inhibitum
980 3463 1117 3516 conupem

97 3537 153 3590 pro
175 3521 316 3575 cannabis.

156 3620 315 3672 Msncnnnus,
328 3630 369 3662 nu.
383 3620 538 3660 Hanunntcn.
940 3609 956 3657 8
