2636 3790
503 879 808 955 PRAEFATIO.

209 1135 364 1212 Marcelli,
394 1152 483 1209 quem
505 1133 599 1210 vulgo
622 1133 732 1192 vocant
759 1131 948 1212 empiricam,
976 1133 1012 1194 de
1035 1133 1164 1193 medica·

139 1233 254 1292 mentis
269 1231 348 1290 liber
361 1249 431 1307 uno,
451 1231 530 1306 quod
545 1229 684 1306 equidem
699 1230 800 1308 sciam,
819 1229 919 1290 codIce
933 1231 1019 1291 nobis
1033 1231 1165 1292 traditus

71 1321 111 1381 ω
136 1333 210 1406 est,
227 1329 466 1388 Laudunensi
484 1330 549 1388 420
572 1321 677 1406 (antee
693 1319 783 1410 326).
829 1327 889 1399 Qui
911 1330 1165 1407 membranaceus,

76 1421 115 1482 Ο
141 1427 289 1486 foliorum
321 1423 590 1502 OLXXXXVIIII,
618 1427 738 1484 saeculo
767 1426 859 1485 VIIII
890 1427 1002 1503 optime
1036 1427 1165 1504 scriptus

73 1555 107 1609 ff
141 1515 196 1604 (cf.
223 1523 382 1597 Catatopae
402 1523 520 1598 pendat
543 1524 592 1582 tes
614 1527 790 1584 manuscr-tte
818 1527 867 1584 dec
890 1527 1090 1599 bibliotheqaes
1107 1544 1165 1600 pa-

56 1667 97 1706 ,
142 1622 255 1695 bliqacc
269 1621 319 1681 dcc
332 1621 542 1695 departemmts
555 1627 620 1680 tom.
636 1621 652 1679 I
659 1640 692 1695 p.
708 1614 798 1704 223),
817 1641 877 1682 non
890 1623 1009 1699 integer
1023 1622 1162 1698 pervenit

62 1766 94 1825 >
142 1719 182 1778 ad
216 1720 352 1778 nostram
383 1721 524 1778 aetatem.
569 1717 696 1778 Initium
723 1720 788 1778 eius
818 1738 897 1780 nune
925 1723 972 1779 est
1004 1739 1022 1777 a
1051 1719 1164 1779 verbis:

90 1799 103 1818 ⁸
142 1817 299 1890 Incipiunt
325 1817 465 1890 epistulae
492 1818 673 1876 diversorem
700 1818 735 1876 dc
762 1819 901 1890 qualitate
923 1822 949 1876 et
971 1818 1165 1876 observatione

59 1874 104 1935 ω
142 1915 312 1974 medicinae.
350 1914 484 1988 Largius
497 1913 727 1988 Desipaatiaaus
740 1915 812 1985 fittts
825 1914 888 1973 satie
901 1915 1022 1973 suanm
1037 1915 1064 1974 d.
1086 1905 1164 1994 (p.4

56 1984 107 2065 Si.
142 2011 234 2070 huius
260 2002 425 2092 editionis).
471 2011 687 2072 Desiderantnr
717 2009 812 2086 igitur
838 2009 928 2068 index
955 2009 1164 2086 capitulorum,

141 2103 283 2168 Marcelli
307 2108 438 2184 epistula
462 2109 501 2168 ad
523 2108 601 2168 filios
625 2109 709 2186 data,
736 2109 799 2166 tres
823 2105 1056 2183 disputationes,
1085 2125 1162 2182 quae

142 2209 217 2267 sunt
231 2206 269 2264 de
283 2206 432 2266 mensuris
447 2209 477 2266 et
495 2205 679 2282 ponderibus
697 2203 934 2282 medicinalibus,
954 2203 1032 2264 dnae
1046 2203 1162 2283 Latine,

125 2300 237 2363 'tertia
266 2303 379 2362 Graece
394 2311 396 2315 '
412 2303 550 2380 scriptae.
598 2301 664 2372 Qua
692 2301 810 2361 iactura
840 2303 931 2378 primi
958 2303 1164 2379 quaternionis

141 2403 193 2462 vel
212 2400 359 2460 ternionis
378 2401 493 2460 factum
512 2402 567 2478 est,
585 2401 622 2458 ut
640 2398 728 2459 bodie
748 2419 896 2476 nusquam
914 2400 946 2459 in
965 2401 1065 2461 codice
1084 2402 1163 2460 Mar·

143 2499 213 2558 colli
231 2517 342 2558 nomen
360 2498 541 2574 reperiatur,
566 2497 603 2556 ob
623 2515 749 2572 eamque
767 2516 896 2572 causam,
915 2516 953 2557 ne
972 2497 1064 2557 codex
1083 2500 1163 2557 esset

143 2613 322 2672 anonymae,
346 2595 392 2654 vir
416 2596 522 2655 doctus
544 2593 720 2654 recentioris
739 2595 849 2655 aetatis
870 2596 903 2654 in
920 2595 1056 2671 margine
1074 2595 1164 2670 primi

144 2693 211 2752 folii
234 2693 368 2768 scripsit:
403 2693 571 2752 Vindieinai
592 2693 736 2752 medicina
763 2692 928 2770 eademque
955 2693 1105 2753 vocabula
1131 2693 1164 2752 in

145 2793 268 2868 tergore
291 2789 363 2849 libri
381 2790 493 2850 litteris
512 2789 613 2856 aureis
632 2790 779 2866 impressa
798 2794 877 2852 sunt.
910 2790 968 2850 Sed
986 2809 1046 2851 non
1065 2792 1164 2851 solum

145 2887 275 2966 Initium,
289 2907 395 2948 veram
410 2889 501 2947 etiam
514 2887 582 2947 finis
596 2887 705 2948 codicis
720 2891 894 2964 temporum
912 2888 1025 2947 iniuria
1039 2889 1163 2966 interiit,

147 2983 255 3044 desinit
278 2985 357 3044 enim
379 2986 411 3044 in
434 2985 602 3046 vocabulis:
624 2985 748 3059 spinam
771 3005 805 3046 ce
821 2989 897 3060 pete
919 2987 964 3046 oet
985 3004 1164 3061 quaeeunque

148 3085 275 3157 corporis
296 3087 385 3157 porte
414 3074 453 3164 (c.
473 3085 568 3160 34,85
588 3104 616 3160 p.
639 3087 701 3146 356
721 3086 750 3143 h.
770 3077 839 3167 ed).
891 3083 988 3154 Quam
1015 3085 1163 3144 iacturam

149 3179 287 3240 extremis
315 3179 433 3239 duobus
461 3182 709 3257 quaternionibus
740 3182 857 3242 amissis
885 3184 1070 3242 contractam
1098 3199 1163 3240 esse

148 3275 220 3338 inita
243 3277 362 3336 ratione
391 3278 478 3338 facilc
502 3279 662 3358 colligitur.
709 3279 767 3339 Sed
789 3297 827 3338 ne
851 3279 944 3337 ceteri
967 3279 1088 3353 quidem
1111 3278 1164 3351 qui

149 3373 182 3434 ab
204 3375 294 3434 initio
317 3375 441 3435 fuerunt
465 3375 574 3460 codicis
596 3375 748 3455 terniones
771 3375 821 3434 vel
844 3373 1054 3449 quaterniones
1078 3372 1163 3430 uobis

150 3471 260 3532 servati
283 3474 368 3548 sunt3
396 3471 505 3532 desunt
533 3471 613 3531 enim
635 3470 725 3530 hodie
747 3468 958 3546 quaterniones
982 3467 1009 3523 V
1033 3468 1065 3524 et
1087 3465 1164 3522 VIII

914 3563 951 3614 a*
