2528 3814
492 159 731 224 -313-

195 319 353 382 Lacertum
372 319 505 401 viridem,
524 338 612 399 quem
633 320 738 381 Graeci
757 338 867 381 saurou
885 330 998 402 vocant,
1018 324 1117 400 capies
1136 334 1170 384 46

103 424 218 489 perque
242 411 306 470 cius
331 407 432 470 oculos
457 427 542 480 acum
565 427 705 488 cupream
734 427 802 470 oum
826 408 894 469 licio
918 428 1006 488 quam
1029 410 1116 489 longo

104 497 235 559 volueris
258 499 379 558 traicias
402 497 621 577 perieratisque
645 498 739 559 oculis
758 516 828 558 eum
846 496 957 558 ibidem
976 499 1042 579 loci,
1065 499 1117 560 ubi

105 605 238 667 ceperas,
256 587 389 647 dimittes
408 595 525 647 actum
544 585 625 647 iilum
644 585 850 666 praecantabis
868 586 984 648 dicens:
1007 587 1116 648 Trebio

76 677 207 754 spotnia
231 675 374 755 telapabo.
409 673 472 736 Hoc
496 683 543 736 ter
566 675 669 737 dicens
692 675 774 736 dlnm
797 675 949 736 munditer
972 676 1117 736 recondes

105 781 234 842 cumque
249 763 334 824 dolor
347 763 435 824 colici
448 763 574 826 alicuius
587 762 736 845 urguebit,
750 766 925 843 praecinges
939 782 1007 825 eum
1022 772 1117 826 totum

105 871 197 931 supra
220 851 394 914 umbilicum
418 861 448 914 et
471 861 518 914 ter
541 853 621 913 dices
645 871 765 914 carmen
789 870 880 931 supra
903 855 1057 932 scriptum.

194 940 444 1002 Praesentaneum
466 941 568 1002 colicis
586 941 752 1002 remedium
771 944 827 1002 sic:
851 940 912 1002 Ova
930 941 1117 1021 putidissime
1136 953 1172 1004 46

104 1031 136 1090 in
160 1029 222 1090 sole
245 1032 358 1110 ponito,
381 1037 416 1090 ut
433 1032 653 1112 persiccentur3
677 1049 745 1091 cum
764 1032 907 1111 aruerint,
930 1038 1068 1091 conteres
1087 1039 1117 1091 et

62 1139 90 1178 ιο
104 1120 303 1180 minutissime
322 1117 518 1198 percriblabis
542 1126 572 1180 et
590 1119 626 1180 ad
645 1119 827 1198 praesidium
845 1121 876 1179 in
895 1118 1003 1180 doliolo
1023 1122 1116 1181 vitreo

104 1207 216 1269 condes
235 1225 362 1286 cumque
381 1209 412 1268 in
431 1207 530 1288 aliquo
549 1207 751 1286 suspicabitur
770 1207 827 1268 coli
841 1207 934 1288 dolor,
952 1210 983 1268 in
998 1208 1117 1270 hemina

103 1315 198 1376 aquae
222 1295 333 1357 calidae
357 1295 440 1357 dabis
462 1295 590 1358 bibenda
613 1297 751 1358 cocliaria
774 1298 839 1356 tria.

194 1384 317 1446 Costum
345 1393 375 1447 et
401 1387 488 1464 piper
514 1387 580 1464 pari
609 1385 741 1464 pondere
772 1385 890 1446 tundite
917 1395 951 1461 ‚et
977 1385 1116 1467 cribrato,
1135 1398 1171 1445 47

103 1474 174 1534 inde
198 1473 362 1553 scripulum
385 1493 478 1535 unum
502 1493 538 1534 ex
561 1493 636 1553 aqua
660 1474 753 1535 calida
776 1474 869 1535 colico
891 1474 928 1534 da
946 1474 1116 1536 bibendum.

63 1581 90 1622 15
106 1561 229 1622 Stercus
257 1565 409 1622 murinum
432 1581 468 1623 ex
492 1580 679 1641 quocumque
703 1562 818 1642 liquore
842 1565 992 1640 ignoranti
1015 1564 1117 1644 colico,
1135 1575 1171 1623 48

104 1669 143 1711 ne
167 1650 329 1730 horrescat,
352 1649 513 1710 bibendum
537 1649 630 1730 dabis,
653 1652 763 1711 mirum
786 1658 840 1710 est.

195 1737 401 1816 Subpositoria
424 1737 517 1798 colice
540 1740 662 1800 invicta:
690 1737 805 1817 Myrrae
831 1771 869 1782 -
890 1736 944 1819 ΠΙ,
967 1741 1050 1799 croci
1073 1739 1116 1800 Si·
1136 1751 1170 1799 49

105 1827 165 1889 culi
190 1826 289 1907 -11,
318 1828 431 1906 piperis
459 1826 518 1887 albi
541 1826 641 1907 -ΙΙ,
670 1829 731 1906 opii
754 1826 877 1906 Hispani
900 1859 943 1870 -
962 1826 997 1888 ll.
1037 1826 1116 1889 Haec

105 1917 204 1976 omnia
230 1915 339 1976 tondes
367 1915 414 1976 rel
442 1923 579 1976 conteres
608 1923 638 1976 et
664 1915 771 1994 pilulas
799 1915 890 1976 iacies
913 1917 1116 1993 magnitudine

64 2004 189 2065 octabae
217 2004 328 2065 solidae
357 2011 387 2066 et
413 2011 477 2065 tres
504 2003 668 2085 subpones;
695 2003 818 2065 habebis
846 2023 917 2064 sane
941 2023 1056 2086 curam,
1083 2015 1117 2067 ut

104 2112 192 2174 aeger
206 2094 333 2155 dormiat
347 2101 378 2154 et
391 2111 429 2154 ne
440 2099 549 2173 vomat;
564 2096 691 2154 vomitus
702 2095 780 2154 enim
792 2095 942 2154 concitare
952 2097 1115 2155 consuevit.

192 2181 236 2242 Ad
255 2183 313 2243 coli
331 2181 463 2242 dolorem
482 2181 648 2243 remedium
666 2182 821 2262 physicum
838 2184 895 2243 sic:
915 2182 1038 2243 Stercus
1053 2185 1116 2244 ovis
1136 2194 1172 2244 50

103 2278 259 2332 montanae
283 2289 385 2332 mense
405 2270 575 2350 Septembri
597 2271 753 2332 deficiente
777 2271 846 2332 luna
869 2271 965 2351 pridie
983 2271 1116 2333 inclusae

103 2377 189 2420 mane
217 2362 347 2440 excipies
373 2367 403 2420 et
426 2359 488 2421 sole
511 2359 633 2420 durabis
656 2368 745 2438 atque
768 2362 800 2420 in
822 2360 975 2438 pulverem
998 2361 1116 2440 rediges

63 2467 90 2508 ns
104 2455 135 2508 et
156 2447 280 2509 babebis
302 2451 333 2509 in
352 2467 421 2509 vaso
441 2451 536 2510 vitreo
555 2450 617 2509 sive
636 2457 772 2530 stagneo,
795 2467 863 2510 cum
883 2467 956 2510 usus
976 2453 1117 2533 exegerit,

5 2581 6 2584 ,
103 2537 237 2598 cocleare
260 2537 380 2616 plenum
404 2537 498 2598 colico
522 2555 558 2597 ex
579 2555 655 2617 aqua
674 2537 775 2617 calida,
800 2541 826 2598 si
844 2537 1066 2620 febricitaverit,
1091 2543 1116 2599 si

5 2589 6 2663 l
104 2627 239 2687 sincerus
263 2628 328 2706 erit,
352 2643 421 2686 cum
445 2627 512 2686 vino
535 2623 745 2706 pertriduum
770 2626 862 2687 dabis.

6 2711 7 2722 ’
192 2713 262 2774 Ovis
281 2733 398 2795 agnum,
422 2733 510 2793 quem
529 2717 659 2794 primum
678 2716 782 2797 pariet,
804 2733 894 2776 manu
914 2717 1053 2796 excipies,
1075 2718 1115 2776 ita
1135 2727 1169 2774 51

6 2823 7 2864 t
102 2810 138 2862 ut
159 2797 275 2863 'terram
302 2821 363 2864 non
391 2812 505 2884 tangat,
533 2811 564 2864 et
589 2803 626 2864 de
649 2804 747 2864 fronte
772 2805 905 2865 eiusdem
929 2808 996 2882 agni
1019 2805 1115 2864 lanam

63 2911 90 2950 ao
104 2890 198 2972 tolles,
222 2892 274 2952 sed
293 2899 323 2952 et
341 2892 378 2953 dc
396 2893 461 2969 ipsa
480 2911 534 2953 ove
554 2901 584 2954 et
603 2895 707 2972 verris,
729 2895 781 2972 qui
799 2895 911 2954 coitum
930 2911 999 2954 cum
1019 2894 1115 2953 seroia

6 2975 7 2982 '
102 2980 200 3060 saciet,
223 2998 326 3041 semen
350 2981 453 3041 eadem
476 2980 541 3041 lana
565 2983 704 3061 excipieS,
728 2983 768 3042 ita
792 2990 825 3042 ut
844 2989 954 3042 terram
974 3000 1034 3041 non
1052 2990 1115 3042 tan·

7 3101 8 3178 ,
100 3076 160 3146 gat,
184 3076 214 3129 at
236 3069 371 3130 includes
394 3068 491 3130 lanam
514 3088 583 3130 cum
607 3071 719 3130 semine
738 3073 834 3130 verris
852 3073 884 3130 in
903 3070 1004 3149 lupino
1024 3088 1114 3130 aureo

102 3157 148 3217 vel
170 3156 276 3218 tubulo
299 3165 329 3218 et
347 3157 498 3236 alligatum
516 3160 548 3218 in
566 3159 688 3219 brachio
708 3158 754 3218 vel
771 3159 877 3218 mediis
895 3157 1032 3237 partibus
1051 3176 1115 3217 cor·

103 3247 184 3323 poris
208 3246 302 3307 colico
326 3246 500 3326 suspendes

103 3528 136 3577 21
191 3457 368 3578 toopperas.
419 3451 517 3523 filium,
535 3453 598 3508 item
618 3457 643 3507 5.
697 3448 873 3506 tumbilico.
932 3455 965 3505 16
985 3452 1114 3508 orrescui.

158 3537 260 3578 consue
309 3564 315 3578 .
