2636 3790
500 81 720 145 ..39-

99 244 264 306 sedandum
292 246 381 304 etiam
409 245 440 304 in
468 252 647 324 perpetuum
670 243 800 322 prodest.
847 243 908 304 Tus
932 252 962 304 et
985 256 1150 324 myrramt

98 343 128 394 et
152 351 242 393 ovum
261 331 350 394 simul
368 339 448 393 teres
467 343 497 394 et
516 333 608 394 lronti
626 332 750 393 induces
769 331 815 392 vel
833 332 1026 414 temporibus,
1046 352 1114 394 cum

99 421 218 484 subitus
251 423 405 482 emicranii
437 421 521 482 dolor
553 421 651 482 inerit.
700 420 791 481 laser
819 420 1013 500 Cyrenaicum
1045 435 1149 485 cums

96 520 182 573 aceto
205 519 268 571 tere
288 519 318 571 et
336 509 428 571 iuline
447 511 576 572 frontem
595 528 663 571 cum
681 509 874 588 temporibus.
912 509 1113 574 Emicranium
1133 523 1150 572 4

69 603 197 662 ostatim
226 607 332 660 curant
359 617 475 660 vermes
503 601 616 660 terreni
644 600 709 678 pari
733 617 857 660 numero
881 601 1001 660 sinistra
1024 619 1114 662 manu

93 691 165 750 lecti
193 697 224 749 et
251 691 281 748 in
305 688 406 748 limine
430 706 497 749 cnm
521 697 601 750 terra
626 687 662 748 de
686 687 787 748 limine
810 687 914 748 eadem
937 706 1027 748 manu
1042 691 1114 749 triti

94 788 124 840 et
153 796 223 838 cum
251 787 334 838 aceto
362 779 472 857 optimo
500 777 603 838 eadem
631 793 720 837 manu
744 777 836 837 fronti
859 777 905 836 vel
928 776 1114 856 temporibus

84 867 186 948 inliti,
215 883 282 926 cnm
308 865 391 926 dolor
416 865 541 944 urgebit.
578 863 695 926 Fimum
720 865 765 925 vel
789 867 921 926 cinerem
945 864 1112 926 coclearum
1132 879 1148 927 5

93 965 124 1017 et
147 973 275 1034 granum
298 956 416 1032 senapis
439 973 508 1015 cum
531 961 614 1015 aceto
638 953 674 1014 ad
699 961 801 1020 ternos
820 954 967 1032 scripulos
985 956 1112 1015 miscere

54 1060 78 1099 ro
94 1054 124 1105 et
148 1042 334 1121 temporibus
358 1042 477 1103 inlinire
500 1043 631 1122 prodest.
668 1041 767 1102 Herba
790 1051 924 1104 strumus
943 1052 973 1104 et
993 1053 1110 1106 stercus
1130 1057 1146 1106 6

92 1135 248 1194 murinum
272 1133 399 1192 contrita
418 1141 447 1192 et
466 1150 502 1192 ex
521 1139 605 1192 aceto
624 1131 715 1191 lronti
733 1131 814 1192 inlita
835 1131 973 1194 celeriter
992 1131 1110 1194 dolores

92 1225 184 1283 etiam
213 1221 392 1280 eterooranii
419 1219 545 1282 abolent.
592 1218 726 1280 Ossicula
755 1222 785 1280 in
814 1223 910 1299 capite
938 1223 1022 1301 porci
1050 1221 1145 1283 duca

92 1309 272 1372 naturaliter
291 1309 384 1368 lorata
403 1310 605 1388 inveniuntur,
628 1309 658 1368 id
678 1318 724 1369 est
743 1313 885 1370 nnumin
904 1310 1008 1372 dextra
1026 1319 1111 1390 parte

91 1409 124 1460 et
147 1398 227 1459 aliud
252 1399 283 1458 in
307 1399 441 1458 sinistra:
465 1417 539 1477 qnae
564 1405 682 1476 reperta
704 1405 734 1458 et
752 1401 881 1477 reposita
900 1407 930 1460 et
949 1417 1017 1460 cum
1037 1417 1112 1478 opus

51 1501 78 1543 15
93 1489 196 1568 luerit,
220 1486 289 1547 licio
313 1503 456 1565 suspensa
480 1485 634 1546 medellam
658 1488 756 1566 capiti,
780 1498 869 1566 prout
891 1489 1010 1548 inventa
1034 1499 1112 1567 sunt,

90 1584 266 1657 praestant,
297 1575 327 1635 id
363 1583 409 1636 est
439 1575 577 1636 dextrum
611 1575 750 1635 dexterae
784 1578 862 1653 parti
893 1584 923 1636 et
957 1577 1112 1638 sinistrum

91 1668 248 1744 sinistrae3
277 1663 328 1724 sed
359 1671 477 1742 praeter
503 1671 533 1724 te
562 1671 592 1724 et
620 1681 741 1742 aegrum
769 1663 897 1724 ossicula
921 1665 1029 1724 tertius
1052 1682 1113 1726 nou

91 1755 261 1834 contingat,
290 1770 365 1830 quac
389 1751 424 1812 ad
448 1752 524 1813 banc
547 1755 756 1813 necessitatem
780 1751 878 1830 colligi
901 1751 1059 1830 diligenter
1082 1762 1113 1814 et

92 1843 209 1904 servari
228 1839 345 1901 debent.
377 1840 493 1920 Piperis
507 1859 598 1919 grana
612 1838 693 1919 XXl,
713 1841 824 1900 murini
839 1841 901 1900 limi
914 1839 1021 1920 pilulas
1035 1840 1111 1922 XXI,
1132 1853 1148 1903 8

51 1946 78 1986 ao
94 1933 208 2010 sinapis
243 1937 387 2008 quantum
420 1929 516 1990 tribus
549 1929 649 2008 digitis
682 1931 779 2008 possis
814 1927 930 2010 tollere,
968 1938 1047 1990 teres
1081 1939 1112 1990 et

91 2031 177 2082 aceto
207 2020 269 2079 acri
294 2018 329 2078 ad
353 2020 447 2080 cerati
471 2017 591 2079 modum
614 2017 810 2097 permiscebis
834 2019 927 2078 etita
951 2018 1043 2078 fronti
1066 2021 1110 2080 in·

91 2127 188 2189 pones
217 2117 247 2168 et
275 2106 354 2168 aluta
382 2107 512 2185 desuper
535 2114 626 2186 teges.
662 2106 781 2168 Laseris
804 2124 929 2186 granum
953 2107 1147 2169 medicina-e

91 2198 173 2258 libus
201 2195 302 2274 digitis
330 2197 396 2256 auri
424 2197 503 2256 inice
531 2214 567 2256 ex
595 2214 630 2256 ea
657 2205 755 2275 parte,
788 2213 846 2275 qna
874 2205 963 2275 caput
991 2195 1111 2278 dolebit,

92 2289 193 2348 statim
218 2283 360 2364 proderit.
398 2283 514 2344 llerbae
537 2284 659 2345 meliloti
683 2287 825 2346 interiora
848 2294 879 2345 et
901 2287 949 2345 ovi
972 2288 1050 2347 cocti
1069 2289 1110 2347 vi·
1132 2297 1165 2346 10

51 2386 77 2428 2⁵
92 2375 197 2437 tellum
217 2392 284 2434 cum
304 2375 372 2434 vino
392 2373 508 2434 modico
527 2381 591 2433 tere
611 2373 768 2452 diligenter
788 2381 818 2434 ot
831 2373 900 2434 inde
915 2377 1110 2436 emicranium

92 2463 137 2525 vel
157 2472 292 2542 tempora
312 2480 387 2541 quae
407 2461 550 2522 dolebunt
568 2461 669 2542 inline,
688 2463 845 2523 confestim
864 2462 991 2524 sanabis.
1027 2463 1108 2524 Pam·
1129 2477 1160 2524 11

91 2555 196 2632 pinum
227 2553 368 2612 continuo
398 2551 435 2610 de
462 2552 521 2611 vite
550 2549 660 2611 lectum
689 2569 758 2612 cum
785 2551 850 2612 oleo
878 2569 989 2631 coques
1019 2561 1107 2632 atque

91 2641 181 2702 simul
211 2642 290 2700 tritis
323 2639 481 2718 diligenter
512 2647 645 2718 tempora
679 2639 795 2700 inlines.
841 2640 882 2700 De
914 2643 1010 2701 muris
1038 2641 1106 2700 iimo
1127 2652 1160 2700 11

90 2729 199 2810 pilulas
227 2735 341 2807 septem
370 2736 449 2788 teres
478 2735 507 2788 et
535 2746 602 2788 cum
631 2736 715 2788 aceto
739 2729 831 2789 fronti
853 2727 899 2788 vel
922 2729 1107 2808 temporibus

52 2816 263 2879 adolentibus
286 2816 402 2877 inlincs
444 2815 476 2877 Si
500 2818 544 2875 vir
567 2826 618 2877 aut
641 2816 815 2878 adulescens
840 2825 891 2878 aut
914 2818 1011 2877 inians
1035 2821 1105 2878 emi·
1129 2829 1162 2878 13

91 2908 227 2969 cranium
256 2907 398 2986 patietur,
430 2905 583 2986 observet,
612 2914 645 2966 ut
673 2924 791 2985 semper
823 2905 892 2967 luna
922 2908 1047 2985 septima
1080 2915 1110 2967 et

90 2997 218 3075 septima
246 2994 360 3055 decima
389 3003 418 3054 et
447 2997 605 3066 vicensima
634 2997 758 3073 septima
782 3013 814 3056 se
838 2994 973 3056 tondeat:
1002 2997 1111 3056 mirum

164 3171 180 3220 5
201 3166 348 3220 curubim
367 3165 466 3218 curaui
483 3169 541 3220 2m.
633 3171 649 3219 6
668 3164 698 3218 in
716 3165 813 3220 limite.
896 3172 912 3219 9
931 3165 1043 3235 senapis
1063 3170 1111 3220 lm

90 3236 198 3306 sinopis
227 3240 287 3290 2m.
414 3241 447 3290 11
476 3236 653 3305 eterogranii.
776 3241 807 3289 13
836 3235 963 3290 dextram
990 3236 1109 3305 partem.

94 3314 126 3362 15
143 3323 286 3377 sospense.
342 3307 514 3361 1111111111.
573 3313 738 3362 1911111111.
792 3312 826 3360 10
842 3307 954 3374 quanto.
1013 3319 1110 3372 posses

89 3377 169 3435 tolle.
216 3383 249 3431 11
265 3377 314 3448 ad]
331 3395 353 3431 a.
400 3381 534 3432 1311111.
582 3383 615 3431 15
630 3377 704 3432 terii.
751 3383 784 3432 11
801 3391 933 3444 qnoques.
980 3374 1109 3428 1811111.

90 3457 125 3506 30
143 3450 226 3504 lines.
299 3448 477 3518 migranium.
549 3453 581 3502 31
602 3447 839 3516 streptimaom.
909 3445 1110 3499 3111111111.
