2564 3794
537 109 778 174 —164-

96 289 129 337 61
150 276 237 336 Cervi
259 272 415 352 pulmones
439 289 508 332 cum
532 275 595 332 suis
618 271 845 350 gurgulionibus
869 271 994 350 virgulis
1014 280 1119 332 tensos
1137 275 1167 332 in

149 364 244 442 furno,
272 360 366 421 donec
395 369 545 443 arescant,
578 360 727 438 suspende
755 369 785 420 et
812 379 849 420 ex
876 359 923 420 his
951 359 1068 438 aliquid
1100 378 1166 421 con·

150 459 251 511 tusum
275 451 440 528 tritumque
465 448 623 527 diligenter
646 449 762 510 adiecto
785 448 873 509 melle
892 448 1061 526 ecligmatis
1081 449 1166 509 modo

96 552 131 601 62
150 539 278 618 pthisico
302 537 379 618 dato,
403 555 493 614 quem
517 540 615 598 sanari
633 539 776 598 citissime
794 537 884 598 66166.
918 537 1048 598 Lacerta
1067 537 1168 597 viridis

149 628 214 688 6166
237 627 328 686 missa
350 627 382 684 ln
405 643 456 684 vas
479 625 569 687 fictile
593 644 701 686 novum
725 636 755 687 et
778 645 846 687 cum
868 627 929 686 vini
947 623 979 685 o
1001 625 1103 686 tribus
1123 625 1193 684 des

150 723 234 777 66616
257 715 293 776 ad
317 713 456 794 cyathum
479 732 573 776 unum
595 714 812 776 incredibiliter
834 713 961 794 pthisico
984 714 1122 794 prodest,
1145 715 1170 772 si

97 817 130 867 63
150 823 186 866 66
210 823 245 864 66
268 805 337 863 vino
360 819 446 863 manc
468 803 588 863 ieiunus
611 801 693 864 bibat
712 803 846 864 cocleare
864 819 967 863 unum.
999 801 1061 873 Qui
1079 801 1170 882 pthisi

150 892 304 974 laborabit,
323 891 400 952 laser
419 893 524 951 tritum
542 893 574 950 in
593 909 668 971 aqua
687 892 787 972 tepida
803 893 922 952 ieiunus
937 891 1066 952 cottidie
1080 889 1170 969 bibat,

98 994 132 1042 64
150 990 289 1062 potenter
303 979 524 1041 remediabitur.
556 979 686 1041 Cancros
701 983 832 1042 marinos
847 981 953 1059 impari
972 997 1105 1041 numero
1125 997 1170 1037 ex·

150 1078 235 1132 ustos
263 1069 309 1128 vel
338 1069 437 1128 aridos
465 1070 554 1128 tritos
582 1082 612 1129 ct
638 1068 727 1130 bacas
757 1070 873 1130 laureas
902 1070 1014 1148 impari
1044 1084 1170 1129 numero
1184 1083 1206 1122 ro

150 1161 237 1218 tritas
265 1157 380 1216 adiecto
407 1155 494 1216 melle
523 1163 612 1236 atque
640 1156 726 1236 adipe
754 1160 891 1218 anserina
914 1160 1043 1218 remissa
1069 1157 1171 1235 aequis

135 1243 334 1325 ‹ponderihus
362 1247 502 1304 universa
529 1246 676 1324 permixta
705 1263 796 1305 unum
825 1264 935 1325 eorpus
963 1247 1059 1307 iacies
1083 1253 1170 1324 atque

152 1332 316 1413 aequaliter
343 1335 374 1392 in
403 1333 561 1394 duodecim
588 1340 689 1412 partes
716 1333 830 1394 divides
857 1343 887 1394 et
914 1336 944 1395 in
970 1335 1040 1396 cibo
1066 1334 1171 1394 autin

99 1435 132 1484 66
152 1424 272 1502 potione
300 1420 447 1482 laboranti
473 1421 602 1501 pthisico
625 1421 722 1501 dabis,
750 1423 826 1482 mire
849 1422 992 1502 proderit.
1042 1422 1105 1482 066
1128 1423 1169 1480 in·

152 1519 236 1573 cocta
264 1510 323 1571 duo
352 1511 384 1570 in
411 1509 502 1570 calice
531 1509 678 1571 diffundes
707 1517 738 1570 et
760 1510 844 1572 deice
868 1511 926 1572 olei
948 1513 1058 1590 optimi
1082 1502 1123 1596 y·
1146 1505 1206 1566 1116

152 1608 183 1662 66
211 1600 356 1677 axungiae
384 1600 602 1659 vetustissimae
629 1601 661 1659 in
688 1599 777 1660 trulla
805 1600 841 1660 ad
869 1599 995 1661 calidam
1025 1601 1170 1660 remissae

153 1680 239 1774 ,1111
263 1697 293 1748 66
316 1688 462 1765 coagitato
492 1705 526 1748 ac
554 1689 735 1768 permixtum
760 1689 889 1767 pthisico
917 1689 1054 1768 tepidum
1085 1687 1169 1748 cotti·

100 1790 134 1839 66
153 1777 201 1837 die
216 1777 252 1837 da
266 1775 438 1856 bibendum,
457 1776 552 1837 donec
571 1784 701 1858 sanetur,
719 1777 802 1838 valde
820 1777 964 1857 proderit.
998 1777 1057 1848 Qui
1078 1774 1170 1855 pthisi

152 1865 341 1944 adiiciuntur,
359 1865 506 1926 maritima
525 1865 589 1926 loca
608 1867 702 1926 vitare
721 1865 832 1928 debent
850 1873 938 1944 atque
955 1863 1017 1926 illic
1031 1865 1169 1940 maxime,

152 1952 204 2014 ubi
227 1954 278 2031 pix
297 1953 463 2034 conficitur,
485 1957 663 2015 commorari
681 1953 782 2034 ibique
801 1953 968 2016 coclearum
989 1971 1081 2014 carne
1101 1967 1170 2013 cum
1183 1967 1206 2006 ao

100 2043 219 2104 6661666
248 2049 439 2103 excoctarum
466 2042 589 2104 adsidue
618 2045 706 2103 66661.
751 2043 852 2104 Picem
879 2060 1081 2122 praecoquam
1108 2041 1169 2100 6166

153 2147 242 2210 quam
269 2131 415 2190 viscosam
444 2139 550 2192 vocant
578 2139 608 2190 et
630 2130 781 2192 rubricam
805 2131 982 2212 Scythicam,
1006 2147 1097 2210 quam
1121 2126 1170 2188 6111

152 2217 383 2298 pissasphaltum
405 2227 521 2299 vocant,
545 2237 613 2279 cum
632 2221 695 2280 6661
713 2221 826 2280 cervini
844 2221 964 2280 remissi
982 2219 1089 2298 cyatho
1109 2232 1168 2276 uno

153 2307 286 2368 66166116
304 2306 410 2367 bubuli
428 2307 475 2367 661
494 2307 574 2368 661111
592 2309 657 2387 pari
675 2325 825 2390 mensura,
844 2310 870 2368 si
885 2310 952 2387 quis
970 2309 1029 2368 iam
1048 2303 1166 2386 pericli-

152 2397 228 2456 tanti
255 2395 383 2476 pthisico
411 2397 444 2455 in
471 2403 544 2475 potu
572 2395 619 2456 661
646 2398 678 2456 in
704 2396 771 2457 cibo
794 2396 916 2458 cottidie
941 2396 1068 2476 dederit,
1093 2395 1165 2454 mire
1179 2405 1203 2443 2⁵

153 2485 182 2544 ei
205 2483 368 2544 subveniet.

101 2585 134 2634 68
242 2572 308 2633 Mus
335 2571 419 2651 gliris
447 2571 606 2676 degluptus
639 2581 668 2634 66
700 2591 768 2634 cum
801 2573 866 2634 oleo
894 2592 928 2634 ac
961 2572 1021 2633 sale
1052 2576 1167 2632 assatus

153 2659 368 2763 pleumoniacis
391 2659 438 2720 vel
461 2662 603 2740 empyiois
626 2660 693 2722 cibo
717 2661 803 2722 datus
827 2664 901 2724 mire
928 2663 1091 2739 succurrit,
1116 2672 1166 2716 eos

102 2762 288 2830 aequoque,
313 2750 365 2828 qui
387 2748 546 2827 purulenta
570 2758 718 2832 excreant,
742 2750 897 2812 celerrime
921 2757 1012 2812 sanat.
1054 2747 1166 2808 Marru-

154 2837 197 2898 bii
220 2837 323 2898 viridis
346 2836 522 2898 fasciculum
545 2845 576 2898 66
598 2837 764 2899 ambrosiae
785 2839 959 2902 fasciculum
981 2846 1013 2899 et
1031 2831 1165 2898 abrotani
1178 2844 1203 2886 eo

154 2925 330 2986 fasciculum
348 2927 460 2987 mitte
452 2944 483 2986 m
503 2925 590 2986 ollam
609 2927 799 2988 semodialem
817 2947 922 2990 novam
944 2935 975 2988 66
992 2918 1166 2987 6161181111

155 3021 186 3074 66
207 3014 341 3094 decoque
365 3015 401 3075 ad
425 3017 637 3096 sextarium,t
638 3034 688 3076 um
712 3019 845 3096 exprime
867 3017 975 3078 herbas
998 3023 1028 3076 et
1051 3012 1113 3075 cola
1136 3015 1165 3068 et

226 3183 867 3257 36118666164661616166.16616161.
950 3179 1164 3254 11atque]od·

42 3320 46 3327 ,
153 3205 1162 3334 16666.1366666666914661616166.166116616616661,

154 3343 193 3382 66
211 3327 365 3384 defundes?
447 3319 1163 3407 1666666616666.11661616166.18666161.

154 3403 188 3451 13
207 3398 443 3481 pissasphaltum]
463 3398 546 3480 spalt'
538 3415 589 3454 666.
687 3405 722 3455 28
740 3398 943 3479 pleumoniocis
962 3396 1061 3467 scripsi
1078 3402 1110 3452 66
1126 3395 1164 3448 est

154 3467 298 3526 tutotuto:
316 3469 533 3540 pleumoniticis
607 3476 641 3526 29
661 3467 790 3526 66666611
