2528 3814
510 161 749 225 -343-

120 323 271 384 silvaticae
299 323 383 383 radix
409 322 547 382 similiter
569 324 707 402 imposita
731 342 825 403 aeque
849 323 990 402 prodesse
1010 317 1133 406 dicitur,

119 411 275 492 portulaca
298 429 417 490 quoque
440 413 510 471 trita
529 429 598 471 oum
617 412 734 490 polenta
754 413 888 490 adposita
906 413 1053 474 testiculis
1072 431 1133 474 me·

120 501 224 581 detur3
253 518 289 560 ex
316 501 385 560 fimo
413 498 524 559 bubulo
552 501 638 579 panis
666 501 762 562 factus
790 509 820 561 et
843 509 967 561 exustus
990 503 1021 560 in
1044 501 1132 562 turno

120 597 172 649 aut
199 591 230 648 in
258 589 325 649 loco
352 596 382 648 et
405 597 506 667 postea
530 590 561 648 in
585 590 716 649 cinerem
741 589 881 649 redactos
904 597 934 648 et
957 608 1025 649 cum
1049 597 1132 650 aceto

92 676 259 738 sscillitico
289 675 429 737 subactus
453 676 584 756 dumque
608 677 702 738 fervet
724 678 870 739 testiculis
894 677 1046 757 adpositus
1070 696 1132 738 sae·

120 768 248 846 piusque
272 773 404 826 mutatus
427 765 640 825 admirabiliter
666 775 696 826 et
719 769 818 826 statim
841 765 972 844 prodest.

212 855 340 933 Spongia
364 873 401 914 ex
423 871 512 932 posca
536 853 618 914 acida
642 862 672 915 et
694 855 794 934 tepide
813 854 948 934 adposita
967 857 1066 915 statim
1086 873 1130 915 se·
1152 866 1185 914 12

120 942 203 1004 dabit
226 942 433 1003 testiculorum
456 941 581 1004 dolores.
617 941 715 1022 ddeps
739 943 824 1004 vituli
843 953 872 1004 ct
890 945 963 1003 nitri
981 943 1131 1004 modicum
1152 953 1185 1003 18

120 1051 179 1092 una
206 1033 353 1111 permixta
381 1039 411 1090 et
438 1033 532 1090 ceroti
555 1031 642 1090 modo
666 1033 804 1110 imposita
827 1031 974 1092 testiculis
997 1039 1131 1092 tumores

79 1138 107 1178 10
122 1139 225 1181 omnes
246 1128 277 1180 et
295 1118 413 1180 dolores
432 1136 591 1198 persanare
611 1119 759 1180 dicuntur.
792 1119 879 1181 Bulbi
897 1137 933 1180 ex
952 1120 1048 1181 mulso
1068 1122 1132 1180 triti
1153 1130 1186 1179 12

120 1217 209 1289 atque
233 1208 311 1269 inliti
334 1207 503 1268 dolentibus
526 1207 672 1268 testiculis
695 1209 862 1270 medentur.
903 1207 998 1269 Rotae
1024 1209 1132 1269 ramuli
1151 1219 1186 1268 20

119 1299 275 1359 tenerrimi
295 1299 359 1358 triti
374 1304 404 1358 et
417 1293 494 1357 inliti
508 1305 655 1356 tumorem
671 1297 878 1359 testiculorum
894 1299 1027 1377 quamvis
1041 1299 1131 1358 maxi·

119 1404 200 1447 mum
230 1386 342 1447 sedant.
384 1384 490 1446 Farina
518 1384 572 1444 lini
599 1387 720 1446 seminis
750 1405 817 1447 ccrm
846 1387 943 1446 resina
973 1395 1003 1448 et
1033 1405 1132 1466 myrra
1151 1396 1185 1444 21

12 1529 20 1541 ,
120 1477 185 1553 pari
207 1475 339 1553 pondere
363 1476 509 1554 permixta
533 1481 563 1534 et
584 1475 722 1552 imposita
746 1474 893 1534 testiculis
917 1474 1014 1534 dolori
1032 1493 1066 1534 ac
1085 1483 1131 1535 tu·

80 1579 106 1620 22
121 1564 198 1622 mori
230 1580 333 1622 eorum
366 1562 513 1622 subvenit.
559 1561 702 1622 Testiculi
734 1569 883 1622 tumentes
913 1581 988 1640 aqua
1016 1565 1130 1623 marina
1149 1573 1184 1621 22

120 1649 336 1712 rationabiliter
359 1649 505 1711 foventur.

209 1737 372 1820 Herniosis,
396 1738 550 1798 ramicosis
568 1735 825 1816 hydrocelicisque
844 1739 978 1817 asparagi
997 1738 1066 1798 duri
1084 1757 1128 1799 ra·
1148 1749 1184 1798 23

120 1828 202 1888 dices
226 1829 353 1887 siccatae
377 1833 407 1886 et
430 1833 571 1886 contusae
595 1833 624 1886 et
647 1825 793 1886 cribrata-e
813 1845 881 1886 com
900 1844 993 1905 aquae
1012 1825 1131 1888 hemina

120 1918 204 1997 potui
228 1917 345 1994 saepius
369 1915 452 1975 datae
476 1913 614 1974 celeriter
640 1913 828 1974 subveniunt.

80 2023 107 2062 so
209 2003 319 2064 Pilulas
342 2005 477 2082 cupressi
500 2002 610 2062 virides
633 2020 670 2062 ex
693 2005 760 2062 vino
784 2011 884 2064 vetere
903 2003 939 2063 ad
958 2005 1061 2064 tertias
1081 2004 1130 2065 de·
1151 2015 1186 2064 24

121 2111 216 2172 coque
241 2100 270 2152 et
293 2092 415 2172 cyathos
438 2092 524 2152 binos
543 2091 652 2152 cotidie
671 2094 770 2152 ieiuno
791 2091 931 2152 hernioso
950 2094 1035 2170 potui
1054 2092 1131 2174 dato,

120 2191 184 2242 tum
208 2181 276 2241 lolia
300 2181 433 2242 eiusdem
456 2182 526 2240 trita
546 2179 693 2241 testiculis
711 2182 865 2262 imponito,
888 2183 962 2240 mire
980 2181 1131 2262 proderis3

120 2270 267 2330 namhoc
292 2269 456 2330 remedium
481 2268 582 2329 multis
606 2270 817 2347 experimentis
839 2268 997 2347 probatum
1021 2276 1075 2330 est.

208 2358 349 2438 Lapidem
372 2359 520 2436 ignarium
539 2366 697 2417 contusum
715 2359 832 2418 resinae
850 2359 976 2418 mixtum
994 2375 1048 2436 pro
1068 2376 1130 2418 em·
1149 2367 1184 2416 25

80 2464 107 2504 aa
121 2447 233 2527 plastro
257 2449 375 2526 impone
399 2447 554 2526 ramicoso‚
578 2447 676 2505 statim
701 2445 844 2525 proderit.

209 2536 242 2596 Si
264 2554 357 2614 puero
380 2543 484 2596 tenero
510 2551 610 2594 ramex
639 2533 840 2614 descenderit,
869 2551 1004 2594 cerasum
1032 2535 1129 2595 novel·
1149 2545 1184 2594 20

119 2625 176 2684 lam
200 2624 350 2686 radicibus
374 2627 435 2684 suis
455 2630 582 2684 stantem
605 2621 732 2682 mediam
751 2622 863 2702 findite,
887 2625 926 2682 ita
946 2632 979 2683 ut
997 2641 1051 2700 per
1069 2623 1128 2703 pla·

121 2731 187 2790 gam
210 2732 285 2792 puer
308 2715 394 2772 traici
417 2715 520 2791 possit,
543 2729 577 2771 ac
600 2729 706 2772 rursus
728 2709 914 2772 arbusculam
934 2713 1080 2790 coniunge
1100 2719 1131 2772 et

120 2802 188 2861 limo
216 2800 328 2862 bubulo
357 2801 480 2879 aliisque
509 2801 648 2860 lomentis
677 2798 788 2880 obline,
817 2818 875 2879 quo
900 2798 1015 2860 facilius
1039 2802 1070 2860 in
1095 2819 1128 2860 se

79 2907 107 2946 ao
122 2908 194 2968 quae
219 2891 311 2950 scissa
335 2896 404 2949 sunt
427 2896 539 2949 coeant.
574 2887 689 2958 Quanto
709 2885 807 2949 autem
827 2887 954 2948 celerius
973 2887 1130 2949 arbuscula

121 2978 264 3039 coaluerit
291 2985 321 3038 et
349 2979 517 3038 cicatricem
541 2977 672 3057 duxerit,
701 2984 783 3038 tanto
807 2979 896 3038 citius
920 2994 1020 3037 ramex
1043 2979 1131 3056 pueri

119 3066 280 3128 sanabitur.

207 3155 347 3216 Testibus
366 3156 456 3214 nimie
476 3152 681 3214 crescentibus
700 3156 814 3214 cicutae
834 3153 916 3214 radix
932 3154 1002 3212 trita
1017 3160 1047 3212 et
1062 3169 1130 3212 cum
1149 3162 1184 3212 22

119 3247 166 3304 022
193 3244 259 3306 albo
279 3232 424 3323 ¹imposita
451 3242 596 3303 medetur.
639 3240 782 3304 Cerussae
806 3241 882 3323 P.1,
906 3243 982 3302 turis
1005 3239 1183 3301 masculina

208 3385 223 3434 'l
243 3377 374 3450 spongia]
394 3378 428 3446 cf.
443 3378 522 3432 Plio.
536 3395 563 3432 u.
578 3377 603 3430 b.
619 3382 662 3446 31,
678 3381 738 3430 129.
825 3381 857 3428 13
877 3375 928 3428 lini
947 3374 1073 3447 seminis]
1093 3375 1129 3442 of.

120 3451 194 3505 Plio.
210 3467 237 3506 u.
252 3451 278 3505 b.
292 3455 335 3519 20,
350 3454 411 3504 261.
517 3454 550 3504 10
569 3463 643 3516 aqua
661 3445 782 3518 marina]
802 3448 837 3514 cf.
853 3447 929 3502 Plio.
943 3463 971 3501 a.
985 3448 1010 3503 b.
1026 3451 1070 3516 31,
1086 3453 1130 3503 65.

120 3527 154 3576 20
172 3520 275 3590 pilulas
295 3519 433 3592 cupressi]
453 3520 490 3588 cf.
506 3519 712 3589 1022222,
728 3523 769 3574 16.
