2564 3794
474 141 714 206 -131-

87 303 186 380 coqui,
210 301 305 362 donec
325 303 453 381 spissum
473 302 524 362 liat
542 303 800 366 medicamentum.
832 305 896 367 lloc
915 309 1012 390 etiam,
1031 328 1101 371 cnm

87 392 222 468 eruperit
241 393 425 472 suppuratio,
444 393 490 452 uti
510 391 672 473 oportebit,
693 404 838 472 expurgat
856 397 935 456 enim
954 406 984 457 et
1001 398 1101 476 explet

87 481 194 539 omnia.
230 477 320 539 Uvam
345 481 504 558 supprimit
527 480 578 540 din
602 481 749 542 iacentem
773 481 815 542 sal
834 491 864 544 et
882 483 955 563 galla
975 495 1099 548 contusa
1118 499 1135 547 4

86 569 189 646 aequis
217 566 401 645 ponderibus
428 569 558 630 admixta
588 577 618 630 et
647 572 688 630 ita
717 588 772 649 per
800 571 926 632 cocliare
956 573 1098 655 adposita,

59 658 157 718 sitem
185 655 277 734 gallae
306 655 332 715 X
354 655 394 736 ll,
422 659 499 718 aeris
526 657 608 718 lloris
637 657 724 738 llll,
751 677 906 721 menarum
934 664 998 722 sino
1027 666 1098 744 ovis,

85 744 116 804 id
143 754 190 804 est
216 746 345 822 piscium
373 744 534 827 salsorum,
564 748 660 825 capita
688 745 722 806 X.
768 747 847 809 llaec
880 749 1098 812 comburuntur

86 834 183 893 etita
211 834 320 893 ceteris
347 831 423 893 hene
450 836 530 895 tritis
557 837 627 896 trita
659 835 878 917 admiscentur,
911 838 963 898 sed
996 847 1099 917 postea

86 920 179 981 nihilo
207 922 306 981 minus
333 923 365 980 in
394 940 486 982 unum
514 923 626 984 diutins
653 931 801 985 teruntur.
852 925 976 1005 Oportet
999 935 1099 988 antem

87 1012 166 1088 tangi
184 1009 276 1088 digito
296 1009 396 1070 umido
416 1010 663 1072 medicamentum
682 1021 713 1073 et
731 1015 774 1072 sic
793 1032 879 1074 uvam
899 1014 935 1075 ah
954 1017 1013 1074 imo
1032 1034 1096 1076 rec·

1 1119 2 1180 p
44 1106 144 1160 1otam
172 1098 223 1158 diu
251 1100 398 1177 supprimi
426 1117 545 1160 sursum
571 1117 683 1160 versus.
724 1101 768 1161 Ad
791 1105 899 1162 arteria
923 1113 1094 1184 exasperata
1117 1119 1133 1166 o

1 1187 2 1282 l
85 1185 231 1265 simplicia
254 1187 375 1266 quidem
397 1187 470 1248 haec
494 1188 619 1249 iaciunt:
654 1189 772 1250 Gummi
795 1189 1028 1252 Alexandrinum
1051 1191 1097 1253 vel

1 1293 2 1302 ¹
85 1274 311 1353 tragacanthum
333 1294 388 1354 per
411 1294 443 1336 se
467 1276 645 1356 sublingua
669 1286 833 1360 retentum,
857 1280 909 1340 sed
933 1285 1097 1360 composita

1 1383 2 1446 ,
84 1363 158 1424 haec
181 1363 218 1424 ad
242 1372 390 1425 tumorem
409 1367 535 1426 arteriae
559 1369 684 1428 maxime
707 1377 848 1446 prosunt:
870 1368 1029 1447 Papaveris
1048 1369 1097 1430 sil·

1 1471 2 1474 ¹
85 1455 173 1513 vatici
187 1455 246 1512 iam
260 1454 378 1527 maturi,
396 1452 501 1514 viridis
519 1462 617 1515 tamen
637 1456 733 1517 adhuc
752 1459 848 1536 capita
868 1475 955 1536 quiam
970 1458 1097 1537 plurima

45 1563 71 1602 15
86 1559 155 1601 vaso
179 1541 262 1602 lictili
285 1543 454 1602 coiciuntur
484 1551 573 1621 atque
597 1562 673 1622 aqua
696 1545 923 1623 superfunditur
945 1555 1039 1625 tanta,
1063 1555 1097 1608 nt

86 1631 239 1708 supersint
261 1630 298 1690 de
320 1629 440 1692 vasculo
463 1631 522 1692 duo
546 1630 592 1692 vel
616 1641 677 1692 tres
700 1632 800 1713 digiti3
824 1633 897 1693 haec
921 1633 973 1694 uhi
996 1635 1095 1695 triduo

85 1725 232 1779 macerata
259 1719 383 1799 luerint,
411 1718 516 1780 eodem
539 1739 607 1781 vaso
635 1723 852 1802 incoquuutur,
880 1722 974 1782 donec
998 1723 1096 1784 made-

85 1815 182 1886 scaut;
201 1814 304 1886 postea
323 1809 532 1885 exprimuntur
550 1811 706 1886 omnisque
723 1827 815 1887 aquae
830 1810 995 1888 percolatae
1010 1813 1095 1890 prius

85 1893 243 1974 diligenter
256 1913 396 1955 mensura
411 1899 538 1976 capitur,
552 1897 587 1958 ad
603 1899 689 1956 cuius
704 1897 882 1958 soliditatem
896 1899 991 1960 mellis
1006 1901 1097 1960 Attici

44 2003 71 2044 eo
85 1991 190 2062 quarta
209 2001 278 2062 pars
297 1985 455 2065 miscetur,
473 1985 580 2046 deiude
599 1987 630 2046 in
645 1984 757 2064 duplici
770 2003 839 2046 vaso
854 1993 913 2046 tam
929 1986 979 2046 diu
995 1990 1095 2066 coqui-

84 2079 143 2152 tur,
162 2072 257 2132 donec
276 2071 371 2132 mellis
390 2072 497 2134 habeat
511 2074 742 2153 spissitudinem.
770 2073 832 2135 lloc
847 2074 1094 2136 medicamentum

1 2219 2 2222 ,
84 2160 165 2220 etad
181 2159 331 2222 auriculae
346 2168 494 2222 tumorem
509 2171 539 2224 et
555 2163 590 2224 ad
606 2165 712 2224 tussim
727 2163 804 2223 lacit.
832 2162 933 2224 Altera
951 2167 1094 2224 arteriace
1114 2181 1129 2230 6

0 2238 1 2283 1
84 2249 121 2308 ad
144 2247 270 2308 fluorem
294 2253 420 2310 arteriae
448 2258 479 2310 et
501 2251 538 2311 ad
561 2254 735 2311 raucitatem
764 2260 795 2312 et
817 2251 854 2312 ad
876 2254 983 2312 tussim
1006 2252 1095 2313 etad

84 2339 213 2415 spissum
234 2355 340 2398 sonum
359 2339 449 2418 vocis,
468 2341 576 2417 accipit
591 2339 680 2399 haec:
699 2339 896 2419 Tragacanthi
911 2340 936 2401 ll
950 2339 996 2422 Vl,
1011 2359 1093 2419 gum-

41 2445 68 2486 25
83 2427 140 2486 mis
163 2425 326 2506 acanthini,
355 2426 434 2505 quod
464 2445 500 2487 ex
527 2426 696 2488 vermiculis
725 2431 777 2506 qui
805 2429 865 2489 illic
893 2437 964 2490 suut
990 2448 1093 2490 verum

81 2514 216 2595 docetur,
231 2513 311 2594 llVl,
324 2533 443 2576 murrae
455 2514 511 2596 xi,
525 2518 602 2576 turis
616 2516 754 2576 denarios
768 2515 804 2595 ll,
818 2519 900 2578 croci
910 2516 935 2577 ll
945 2517 966 2598 l,
981 2519 1094 2602 piperis

81 2603 140 2663 albi
159 2621 250 2681 grana
269 2601 332 2682 XX,
355 2605 535 2664 cariotarum
558 2606 723 2665 recentium
747 2607 839 2666 trium
857 2605 963 2684 pulpas
982 2606 1094 2667 medias

80 2692 214 2752 detracta
238 2694 385 2752 exteriore
409 2701 493 2772 cute,
520 2711 593 2754 uvae
617 2711 720 2771 passae
743 2695 935 2772 incorruptae
958 2696 1093 2772 purgatis

80 2779 277 2840 interioribus
296 2782 396 2858 granis
415 2779 440 2840 ll
459 2780 532 2842 Vlll.
569 2781 687 2842 Gummi
710 2790 740 2842 et
758 2781 983 2860 tragacanthum
1006 2799 1093 2861 passo

39 2888 65 2927 oo
80 2867 200 2929 Cretico
223 2886 284 2928 uno
308 2867 356 2928 die
386 2877 496 2930 etune
526 2878 613 2930 nocte
641 2872 786 2931 macerari
814 2877 945 2951 oportet,
972 2878 1093 2948 postero

79 2957 128 3016 die
151 2957 212 3035 pilo
237 2956 347 3017 mundo
371 2957 514 3018 contundi
538 2967 568 3018 et
591 2968 689 3020 cetera
714 2961 782 3019 trita
808 2961 950 3020 mortario
974 2961 1093 3021 curiose

78 3045 251 3126 admisceri3
274 3044 343 3105 inde
367 3045 431 3106 dari
454 3045 542 3106 dehet
565 3046 648 3108 labae
671 3048 883 3125 magnitudinis
902 3039 1040 3127 globulus
1064 3057 1094 3108 et

79 3133 136 3194 sub
156 3133 256 3211 lingua
273 3134 370 3194 teneri
384 3141 414 3193 et
428 3134 564 3194 devorari
578 3137 677 3194 statim
693 3136 771 3214 quod
786 3135 979 3215 liquefactum
993 3137 1093 3196 fuerit.

77 3221 142 3282 Hoc
166 3222 415 3283 medicamentum
443 3224 546 3301 pipere
571 3223 704 3284 detracto
732 3225 820 3284 etad
845 3233 992 3285 tumorem
1016 3232 1092 3284 arte·

150 3355 236 3410 odiu
255 3356 408 3428 iacentem]
427 3356 504 3410 divin
522 3360 644 3413 centum.
735 3359 829 3414 illos.
920 3355 1089 3411 tumidum.

78 3433 113 3481 10
147 3445 256 3482 sussum
284 3443 389 3483 versos.
544 3427 675 3483 arteriam
703 3431 897 3498 exasperatam
930 3427 1092 3482 Carnarius.

79 3505 113 3552 12
128 3499 316 3554 trechantnm.
376 3503 411 3552 nt
424 3499 602 3568 tragagandi.
667 3505 700 3553 27
715 3498 814 3568 trium]
829 3497 927 3554 arium.
991 3497 1090 3566 pallae.

897 3585 934 3637 9*
