2528 3814
492 139 729 202 -297-

107 300 233 380 pteridis
261 308 365 361 tunsae
393 307 423 360 et
450 300 530 360 aloes
557 301 662 362 tunsae
692 299 850 378 diligenter
875 299 1010 379 dragmas
1034 299 1119 360 binas

108 397 137 449 et
160 389 256 449 mellis
279 389 446 469 despumati
469 388 548 467 quod
573 388 715 465 sulliciat3
743 387 813 447 inde
841 388 1009 449 iunioribus
1037 391 1119 450 iuxta

107 483 233 538 aetatem
262 477 359 558 dabis,
389 476 557 538 senioribus
587 475 757 554 plusculum
785 484 815 536 et
842 476 952 536 adicies
980 477 1119 538 colofonii

107 564 258 644 dragmam
286 585 389 646 unam,
416 569 457 626 ita
484 573 518 626 ut
546 567 597 644 qui
622 565 788 625 remedium
812 573 934 626 sumunt
958 583 1046 626 carne
1070 565 1119 626 ab·

80 655 238 716 astineant
260 673 314 732 per
337 654 403 714 illos
427 654 490 714 dies
514 661 544 714 et
567 653 664 715 alcum
686 653 875 714 manducent.
1257 707 1258 712 ,

198 741 393 803 Coriendrum
416 742 509 802 viride
533 741 579 802 vel
602 744 667 802 eius
691 759 793 802 semen
816 741 966 821 decoques
984 743 1016 801 in
1036 759 1120 824 aqua,
1139 752 1172 800 33
1257 727 1258 750 ¹

107 833 138 891 in
163 849 220 910 qua
238 830 356 910 lupinos
375 833 459 910 prius
478 832 603 911 coxeris,
623 838 653 890 et
672 849 740 891 cum
753 830 828 890 'inde
848 831 1005 890 adversum
1024 832 1120 891 tineas

107 919 154 980 vel
177 918 339 980 lumbricos
361 921 481 980 ieiunus
504 920 670 999 sumpseris
693 921 857 999 potionem,
880 917 1046 980 vectaberis
1069 925 1121 979 aut

108 1007 319 1068 deambulabis.

68 1115 94 1156 ro
196 1095 346 1157 Nasturcii
374 1097 496 1156 seminis
525 1095 670 1156 coclearia
698 1103 852 1176 quattuor,
880 1096 967 1156 filicis
991 1113 1065 1174 quae
1089 1097 1119 1156 in
1139 1105 1174 1154 34

108 1183 214 1245 arbore
239 1187 372 1246 nascitur
394 1183 426 1244 P.
445 1184 471 1264 Ι,
500 1186 611 1262 agarici
632 1184 749 1265 -ΙΙΙ,
776 1186 906 1264 iuniperi
929 1185 1044 1266 -ΙΙΙ,
1073 1203 1120 1245 co·

107 1273 221 1333 riandri
244 1275 367 1334 seminis
391 1269 422 1332 S*
442 1273 463 1353 Ι,
487 1269 646 1334 cx'radice
667 1273 786 1352 Syriaca
805 1271 836 1334 P.
854 1271 877 1354 Ι,
899 1275 985 1334 corni
1008 1275 1121 1334 cervini
1215 1273 1218 1278 ’

107 1364 168 1422 usti
199 1393 237 1404 -—
262 1361 330 1444 ΙΙΠ,
358 1363 430 1422 nitri
457 1361 648 1422 Alexandrini
675 1361 785 1442 -ΙΙΙ,
815 1365 981 1422 scamoniae
1012 1361 1121 1442 -ΙΙΙ,

108 1450 265 1528 tithymalli
287 1449 318 1511 P.
337 1449 363 1530 Ι,
387 1450 464 1510 haec
488 1453 585 1511 omnia
608 1450 716 1511 tundes
740 1458 770 1510 et
792 1450 952 1531 cribrabis,
980 1450 1120 1511 miscebis

68 1555 95 1598 15
110 1545 140 1598 et
167 1540 297 1615 reposita
325 1538 448 1598 habebis
477 1548 507 1598 et
534 1557 602 1598 cum
631 1556 705 1616 opus
734 1539 838 1616 luerit,
866 1538 950 1598 dabis
972 1541 1121 1598 tinearum

108 1625 155 1686 vel
182 1624 398 1686 lumbricornm
424 1625 559 1685 molestia
586 1625 789 1686 laborantibus
812 1627 843 1684 in
869 1627 990 1703 potione
1013 1644 1120 1705 poscae

109 1714 222 1794 gelidae
245 1715 328 1774 itrxta
351 1720 490 1793 aetatem,
519 1713 571 1774 sed
595 1715 787 1792 digestissimi
810 1711 846 1774 ab
870 1709 951 1774 omni
974 1732 1042 1774 esca
1064 1714 1121 1774 hoc

108 1803 275 1864 remedium
298 1804 434 1880 accipere
457 1801 616 1862 debebunt.

201 1893 289 1952 Acori
312 1892 407 1971 tunsi,
431 1908 537 1951 erucae
562 1891 698 1964 seminis,
721 1889 871 1950 coriandri
894 1891 966 1950 sicci
990 1891 1121 1971 seminis,
1140 1900 1174 1950 35

69 1997 97 2037 ao
111 1979 290 2040 cardamomi
322 1978 459 2040 cocliaria
493 1986 648 2059 quaterna,
680 1979 810 2057 iuniperi
839 2011 880 2020 —
908 1977 963 2059 ΙΙΙ,
993 1977 1123 2040 absinthi

111 2067 265 2129 Santonici
291 2067 323 2131 P.
346 2067 372 2147 Ι,
399 2067 505 2147 hysopi
537 2101 573 2111 -
598 2067 649 2148 vt,
677 2069 762 2127 corni
789 2068 903 2128 cervini
930 2069 992 2127 usti
1020 2099 1061 2109 —
1087 2067 1122 2147 ΙΙ,

110 2157 252 2218 dictamni
275 2157 307 2217 P.
326 2155 348 2238 Ι,
371 2155 466 2236 filicis,
491 2175 565 2234 qnae
588 2158 620 2216 in
643 2155 750 2216 arbore
769 2157 911 2235 nascitur,
935 2157 1031 2216 siccae
1050 2154 1081 2216 P.
1101 2155 1122 2216 Ι.

110 2244 215 2306 Omnia
245 2245 319 2305 haec
347 2252 435 2306 tunsa
463 2244 651 2324 cribrataque
678 2244 819 2304 miscebis
852 2252 883 2303 et
914 2244 1060 2304 recondes
1093 2253 1123 2304 et

111 2352 179 2394 cum
198 2352 273 2413 opus
293 2334 392 2414 luerit,
410 2332 543 2412 pastillos
562 2334 653 2393 iacies
673 2332 755 2393 fabae
774 2331 977 2410 magnitudine
995 2339 1024 2392 et
1039 2331 1122 2392 dabis

70 2439 96 2480 sa
111 2424 147 2503 ci,
167 2425 218 2501 qui
237 2421 351 2482 laborat
368 2421 504 2482 molestia
522 2421 745 2501 lumbricorum,
769 2428 803 2481 ut
819 2421 886 2482 edat
900 2423 932 2480 in
946 2421 1014 2502 lieu,
1034 2423 1122 2482 ctiam

110 2513 202 2590 sicca;
226 2510 381 2571 abstentus
400 2517 498 2571 tamen
517 2509 621 2590 pridie,
639 2511 680 2570 ita
699 2516 734 2570 ut
753 2512 791 2570 sit
810 2509 1037 2590 digestissimus
1054 2528 1123 2570 cum

109 2599 166 2660 hoc
190 2600 356 2660 remedium
379 2601 478 2660 sumit.

200 2687 244 2747 hd
263 2687 426 2748 lumbricos
445 2686 594 2747 eiciendos
613 2686 778 2746 remedium
794 2688 850 2747 sic:
869 2686 1028 2747 Aristoloci
1042 2686 1122 2765 longi
1141 2697 1175 2746 36

111 2777 250 2838 contunsi
274 2768 314 2861 ,9⁴
337 2774 363 2834 ll
391 2793 460 2836 cum
488 2793 581 2854 aquae
609 2774 722 2854 cyathis
751 2774 867 2836 duobus
895 2777 996 2836 ieiuno
1019 2774 1122 2835 biben-

69 2885 96 2926 oo
111 2865 164 2926 dos
188 2882 242 2944 per
261 2863 394 2924 triduum
413 2863 510 2944 dabis;
533 2863 655 2924 nucleos
678 2881 796 2942 quoqne
815 2864 851 2924 de
870 2867 988 2942 persico
1008 2881 1123 2924 amaros
1154 2907 1159 2916 .

110 2955 229 3014 ieiunus
253 2952 342 3013 edere
366 2951 487 3012 debebit
511 2953 562 3030 qui
585 2950 740 3012 lumbricis
764 2952 926 3013 vexabitur.

6 3119 7 3122 Ἴ
199 3041 243 3102 hd
266 3041 379 3101 ventris
403 3040 535 3100 dolorem
559 3040 724 3101 remedium
748 3041 852 3102 efficax
874 3044 930 3102 sic:
955 3040 1064 3100 Sordes
1083 3040 1119 3100 de
1139 3051 1173 3100 at

6 3155 7 3162 ¹
111 3129 231 3191 cardine
255 3131 325 3190 ostii
348 3129 417 3190 tolle
442 3129 542 3206 digitis
566 3129 691 3210 duobus,
715 3129 821 3208 pollice
843 3139 873 3188 et
891 3127 1069 3208 medicinali,
1093 3136 1123 3188 et

199 3289 215 3336 3
235 3281 418 3351 colophoniae
439 3280 599 3335 denarios.
670 3281 810 3349 lpost-in
830 3297 885 3348 qua
903 3281 1000 3348 repetit
1012 3280 1041 3333 in
1057 3295 1121 3348 quo.

111 3358 145 3408 14
162 3353 320 3408 tithimatli.
411 3357 445 3406 26
464 3350 670 3406 diiestissimus.
744 3355 778 3405 28
798 3349 998 3405 aristolochiae
1019 3349 1121 3420 longae

109 3427 244 3479 contusae
273 3422 432 3480 donatarius.
541 3427 575 3476 29
600 3421 726 3491 cyathos.
835 3428 869 3476 30
893 3421 1000 3490 persico
1024 3421 1120 3477 amari.

109 3501 144 3550 33
164 3496 242 3568 ostii]
262 3496 343 3552 uslei.
417 3493 526 3566 digitis]
547 3491 698 3562 diligentis.
