2564 3794
523 129 740 192 -g3-

122 296 235 366 mento,
255 306 313 366 quo
332 290 422 366 pinna
442 289 586 369 avellitur,
605 288 708 369 oculis,
733 289 802 349 dum
822 289 918 350 adhuc
937 297 1027 369 tepet,
1053 289 1141 351 debet

122 375 251 455 infundi,
272 379 324 455 qui
347 379 410 436 ictu
429 377 527 456 aliquo
546 377 693 438 vulnerati
711 385 762 438 aut
781 379 923 456 sanguine
948 379 1053 440 suffusi
1077 379 1139 439 iue-

122 467 200 544 rint3
233 463 331 524 album
364 483 483 544 quoque
516 468 564 526 ori
592 467 701 526 incocti
730 483 797 526 cum
827 484 914 526 croco
942 469 1013 527 trito
1044 467 1139 528 oculis

122 555 347 632 superpositum
362 561 392 612 et
405 553 470 614 lana
485 553 548 614 alba
564 554 665 615 sucida
680 553 845 614 involutum
855 553 1000 614 medetur.
1020 554 1191 616 Rauamtso

16 651 17 703 3
92 642 161 702 ede
184 641 251 702 lacu
270 641 399 719 prendes
423 649 453 702 et
476 644 560 721 spina
584 643 686 703 oculos
710 644 738 702 ei
761 641 911 702 subtiliter
934 660 1024 702 erues
1049 652 1137 722 atque

119 733 154 791 in
172 747 272 808 panno
291 731 432 789 coccineo
457 729 493 790 de
513 730 581 790 licio
604 731 710 810 ligatos
733 731 827 791 oculis
850 733 979 791 interius
1004 733 1137 792 cruentis

17 851 19 899 l
121 835 323 898 superpones,
351 820 410 878 cito
438 817 614 878 medeberis.
660 819 717 879 Mel
740 819 871 880 Atticum
896 828 926 880 et
949 827 1067 880 stercus
1090 821 1132 879 in·
1141 833 1191 882 136

17 904 18 950 ἒ
120 908 222 986 lautis,
241 906 319 985 quod
339 909 468 985 primum
488 907 619 986 dimittit,
638 909 737 968 statim
753 926 788 968 ex
808 907 883 968 lacte
903 907 1047 989 mulieris,
1062 925 1137 986 quae

17 994 19 1075 l
119 1013 250 1074 puerum
279 994 413 1075 allactat,
441 995 636 1074 permiscebis
669 1004 698 1056 et
733 998 776 1057 sic
804 998 944 1077 inunges;
973 997 1025 1056 sed
1053 998 1138 1074 prius

78 1103 105 1141 ιο
120 1103 192 1145 euru
218 1085 269 1162 qui
292 1083 442 1144 currendus
471 1092 517 1144 est
544 1094 678 1144 erectum
702 1084 737 1144 ad
760 1084 869 1145 scalam
892 1084 1040 1165 alligabis,
1070 1086 1137 1163 quia

17 1181 18 1186 ’
120 1181 205 1233 tanta
228 1174 272 1231 vis
295 1171 500 1232 medicaminis
524 1181 578 1253 est,
601 1181 636 1233 ut
659 1191 723 1232 eam
747 1175 805 1234 nisi
828 1172 963 1252 alligatus
987 1175 1137 1252 patienter

15 1266 18 1329 1
120 1263 203 1322 serre
231 1278 291 1320 uon
319 1262 427 1341 possit;
455 1263 541 1322 cuius
564 1261 742 1322 beneficium
765 1270 825 1322 tam
849 1280 991 1340 praesens
1016 1270 1074 1342 est,
1103 1269 1137 1322 ut

15 1346 17 1394 ³
120 1353 213 1410 tertio
237 1349 283 1408 die
308 1348 441 1410 abstersa
464 1352 545 1410 omni
567 1351 682 1411 macula
705 1352 830 1411 mirifice
851 1353 947 1411 risum
967 1350 1074 1411 reddat
1092 1352 1136 1410 in-

98 1437 278 1498 ·columem.
323 1437 367 1497 dd
396 1440 565 1499 cicatricem
593 1439 637 1499 vel
665 1439 820 1518 plumbum
849 1439 1069 1499 extenuandum
1100 1447 1187 1500 etttt

77 1543 105 1584 1⁵
120 1525 338 1604 aspritudinem
356 1529 601 1606 pruriginemque
618 1527 772 1588 oculorum
791 1527 974 1605 purgandam
999 1535 1029 1587 et
1053 1546 1135 1587 umo-

120 1633 186 1674 rem
211 1614 383 1676 siccandum
407 1622 437 1674 et
456 1615 491 1675 ad
511 1615 631 1676 scabras
650 1634 683 1676 ac
709 1615 843 1676 scabidas
866 1614 1023 1692 palpebras
1047 1623 1135 1692 atque

20 1701 23 1706 ’
120 1703 177 1763 alia
206 1703 361 1763 oculorum
389 1705 459 1763 vitia
483 1722 576 1764 unum
599 1705 656 1764 hoc
680 1703 845 1764 remedium
872 1702 917 1761 vel
939 1704 1135 1780 praecipuum

120 1799 181 1852 est:
227 1790 308 1850 Folia
336 1791 469 1869 oleagina
497 1792 740 1852 commanducato
778 1790 936 1868 diligenter
971 1807 1135 1868 eorumque

120 1897 209 1960 suco,
237 1897 325 1957 quem
348 1881 379 1939 in
403 1898 454 1940 ore
479 1879 647 1960 collegeris,
675 1878 783 1940 cotidie
808 1871 931 1938 'ieiunus
959 1877 1062 1938 oculos
1085 1877 1134 1938 ab·

80 1985 106 2025 so
121 1969 228 2046 lingito
248 1967 293 2027 vel
311 1967 429 2028 inlinito
448 1987 503 2047 per
521 1968 659 2048 linguam,
679 1967 817 2028 celeriter
830 1968 900 2026 vitia
916 1983 1005 2044 supra
1026 1968 1135 2045 scripta

120 2057 274 2117 discuties.
310 2055 353 2115 Ex
377 2055 570 2117 birundinum
589 2055 678 2135 pullis
704 2057 737 2116 lit
760 2053 991 2132 calliblepharon
1010 2053 1187 2134 bonum,1³8

119 2145 201 2224 quod
230 2144 446 2223 aspritudinem
472 2146 716 2224 pruriginemque
745 2143 900 2204 oculorum
923 2149 1063 2222 potenter
1087 2161 1134 2202 ex-

118 2240 230 2314 purgat
252 2251 308 2293 nec
326 2235 439 2311 patitur
458 2235 615 2312 quicquam
634 2236 666 2293 in
685 2233 732 2294 his
756 2232 908 2292 molestiae
930 2249 1134 2313 concrescere,

118 2321 239 2384 umidos
258 2339 377 2400 quoque
395 2321 571 2382 naturaliter
590 2321 691 2382 oculos
708 2324 845 2402 exsiccat,
872 2321 950 2400 quod
970 2321 1027 2381 hoc
1046 2320 1134 2381 modo

81 2428 106 2469 ns
120 2412 324 2489 componitur:
344 2409 445 2489 Capita
465 2409 613 2490 pullorum
633 2429 720 2489 quam
739 2410 867 2490 plurima
885 2411 953 2488 igue
968 2409 1134 2470 lentissImo
1208 2447 1211 2456 ·

119 2498 340 2560 comburuntur
367 2505 397 2558 et
423 2500 493 2559 trita
521 2501 552 2558 in
579 2497 732 2577 pulverem
759 2500 967 2560 tenuissimum
994 2499 1134 2577 redigun-

68 2587 71 2594 '
119 2597 179 2669 tur,
198 2605 274 2666 quae
293 2587 422 2648 admixta
440 2589 555 2648 recenti
574 2587 659 2665 adipe
678 2586 802 2666 gallinae
820 2589 987 2647 inunctioni
1006 2589 1132 2647 maxime

118 2683 254 2756 prosunt.
298 2674 387 2735 lntibi
410 2677 528 2756 rustici,
556 2675 592 2735 de
617 2693 675 2754 quo
699 2682 864 2736 nascuntur
887 2675 1025 2736 cauliculi
1050 2686 1186 2736 com-139

20 2763 21 2790 ³
118 2765 232 2844 plureS,
255 2765 376 2824 contriti
399 2781 489 2824 sucus
512 2765 543 2823 in
570 2763 688 2825 oculum
711 2763 871 2826 instillatus
895 2763 1033 2824 celeriter
1057 2765 1132 2824 cica-

80 2871 105 2911 ευ
118 2855 212 2915 trices
232 2860 261 2912 et
279 2851 433 2930 plumbum
452 2851 607 2913 oculorum
626 2855 736 2913 eximit.
772 2851 866 2930 Caput
885 2851 1029 2912 stellionis
1049 2862 1185 2912 com-140

119 2941 244 3003 bustum
267 2949 296 3000 et
318 2943 423 3000 tritum
452 2948 482 3001 et
509 2940 590 3000 melli
612 2941 710 3002 Attico
734 2939 897 3000 admixtum
920 2939 1023 3000 oculos
1046 2940 1131 3000 lacri-

118 3047 219 3091 mosos
238 3031 410 3089 inunctione
428 3029 550 3089 adsidua
565 3032 656 3090 siccat
671 3037 701 3089 et
715 3035 806 3089 sanat.
839 3028 993 3089 Pulmonis
1008 3027 1183 3088 haedinittl

118 3117 269 3180 combusti
288 3119 363 3177 cinis
380 3119 551 3196 prurigines
570 3117 722 3178 oculorum
743 3117 865 3178 discutit
884 3125 914 3177 et
932 3116 1052 3177 scabras
1070 3116 1130 3194 pal-

116 3206 227 3288 pebras
251 3205 396 3285 emendat,
420 3207 445 3266 si
469 3207 554 3284 quasi
578 3205 700 3266 stibium
724 3207 892 3283 inponatur.
929 3204 1008 3264 Felle
1029 3203 1183 3264 catellittt

80 3313 104 3354 aa
118 3297 236 3357 dierum
265 3302 379 3373 septem
407 3293 485 3354 oculi
513 3311 549 3352 ex
576 3293 663 3354 melle
690 3295 806 3354 inuncti
834 3295 893 3353 cito
921 3311 937 3351 a
965 3291 1129 3350 leucomate

191 3487 224 3535 21
237 3480 635 3550 calliblepharionOornarius.
654 3477 839 3547 tsceuliculi]
849 3474 1128 3594 articuli‘Stepbauus.

934 3567 949 3614 6
