2540 3802
536 130 691 196 -220
739 167 777 176 —

153 294 367 355 schoeuoanthi
386 291 466 372 drap.
485 293 549 374 IIII,
567 295 683 353 resinae
702 290 921 352 terebinthinae
940 285 1019 368 drap.
1039 287 1170 369 XLVIII,

151 383 323 462 nardomyri
337 379 416 461 drag.
431 381 545 461 LXIIII,
565 401 601 442 ex
621 399 679 460 quo
699 389 834 441 cerotum
853 379 943 438 lacies
965 379 1089 439 adiectis
1108 377 1172 437 olei

152 474 231 532 rosei
259 471 339 550 drag.
356 471 459 552 LXVI,
488 489 573 531 cerae
597 469 736 530 PontIoae
761 465 841 544 drag.
861 465 1018 548 CXXVIII,
1046 463 1170 544 opobal-

152 562 226 621 sami
250 559 330 638 drag.
349 559 421 621 XVI.
457 559 537 620 Ilaec
561 560 658 619 omnia
676 566 764 618 tunsa
783 556 911 616 cribrata
930 563 961 615 et
980 563 1079 616 cetera
1098 557 1170 614 vino

152 644 272 728 optimoxv
292 649 454 710 madefacta
482 647 571 708 simul
598 649 630 706 in
657 647 798 707 mortario
826 643 960 728 colIIges,
990 662 1026 703 ex
1055 641 1204 722 quibuss

151 737 294 799 trochisci
317 738 363 798 vel
385 736 529 815 magdaha
551 737 637 816 licut,
665 742 767 796 ceroto
795 751 866 793 vero
894 733 971 792 lacto
999 731 1046 792 vel
1069 730 1170 811 pulvis

153 845 243 906 supra
267 829 397 906 scriptus
420 826 467 886 vel
489 832 623 885 ramenta
645 825 818 884 miscentur.

567 1018 646 1080 CAP.
670 1015 747 1077 XXI.

213 1131 331 1187 cordis
353 1131 464 1186 dolori
486 1133 522 1185 et
544 1143 644 1185 coreo
668 1132 704 1184 et
725 1127 934 1198 praecorum
957 1125 1110 1181 remedia

304 1219 518 1274 rationabilia
541 1218 675 1272 diversa
699 1217 741 1272 de
765 1215 1016 1286 experimentis.
1088 1215 1094 1230 “

118 1366 133 1415 1
242 1352 489 1413 Praecordiorum
508 1352 640 1412 dolorem
660 1351 750 1412 catuli
764 1351 907 1412 lactantes
922 1349 1034 1410 admoti
1046 1351 1170 1411 visceri-

153 1439 209 1501 bus
232 1440 370 1502 humanIs
393 1442 556 1501 transferre
580 1443 611 1500 in
633 1459 665 1500 se
687 1439 867 1500 adseruntur
885 1439 975 1518 idque
995 1439 1171 1500 exinteratis

152 1530 343 1609 pcrlnsisquc
370 1533 439 1590 vino
469 1529 703 1608 deprehenditur
732 1530 840 1589 vitiatis
863 1545 968 1588 eorum
991 1526 1169 1588 visceribus.
1184 1551 1212 1588 ιο

117 1633 133 1680 2
241 1617 285 1677 Iu
309 1637 430 1680 corcum
454 1637 582 1678 carmen.
615 1617 649 1677 In
673 1617 787 1677 lamella
806 1624 926 1694 stagnea
948 1615 1063 1676 scribes
1082 1622 1113 1676 ct
1132 1616 1171 1676 ad

155 1707 264 1768 collum
287 1707 452 1786 suspendes
475 1707 562 1768 haec:
585 1708 661 1768 Ante
685 1724 758 1766 caue
782 1723 873 1766 corcu
897 1722 953 1764 nec
971 1707 1080 1783 megito
1100 1722 1171 1764 can·

152 1804 249 1856 torem
263 1803 312 1860 ¹ut
339 1814 373 1856 os
401 1805 435 1856 ut
463 1814 496 1856 os
525 1805 559 1856 ut
586 1814 633 1873 os3
665 1793 847 1874 praeparabo
879 1791 934 1853 tihi
961 1794 1063 1853 vinum
1094 1792 1171 1874 leve,

153 1883 316 1965 libidinem,
333 1884 452 1946 discede
471 1885 621 1964 anonnita,
641 1886 672 1944 in
691 1885 810 1943 nomine
828 1883 877 1942 dei
890 1880 987 1962 Iacob,
1001 1883 1033 1940 in
1047 1883 1170 1942 nomine

118 1986 134 2034 3
154 1973 203 2033 dei
218 1972 354 2034 Sabaoth.
378 1973 452 2034 Item
467 1973 503 2032 ad
517 1973 547 2032 id
563 1972 642 2033 aliud
658 1990 791 2032 carmen:
805 1969 899 2031 Corce
914 1969 1041 2030 corccdo
1056 1976 1171 2054 stagne,
1186 1994 1211 2034 15

153 2069 289 2139 pastores
308 2071 338 2122 te
357 2064 544 2139 invenerunt,
563 2063 626 2121 sine
645 2060 783 2120 manibus
801 2058 994 2138 collegerunt,
1018 2060 1081 2118 sine
1101 2058 1171 2120 foco

154 2158 307 2230 coxerunt,
327 2153 391 2210 sinc
410 2149 549 2209 dentibus
564 2149 766 2210 comederunt.
792 2147 866 2207 Tres
880 2148 1011 2225 virgines
1024 2148 1055 2206 in
1070 2147 1171 2208 medio

153 2240 229 2298 mari
251 2256 383 2298 mensam
407 2255 604 2297 marmoream
622 2240 748 2316 positam
771 2235 927 2316 habebant,
951 2235 1027 2295 duae
1048 2241 1171 2314 torque-

154 2325 226 2384 bant
249 2335 278 2385 et
301 2345 360 2386 uua
383 2324 590 2405 retorquebat,
618 2325 766 2404 quomodo
790 2324 847 2384 hoc
870 2341 1032 2402 numquam
1056 2323 1171 2385 lactum

154 2421 208 2494 est,
232 2415 275 2472 sic
298 2431 460 2491 numquam
484 2412 629 2474 scintilla
653 2413 723 2474 Gaia
747 2412 813 2474 Scia
837 2415 919 2473 corci
942 2411 1082 2472 dolorem.
1186 2438 1217 2478 20

117 2517 135 2562 4
242 2501 286 2560 Ad
305 2501 404 2562 cordis
424 2501 555 2562 dolorem
575 2502 621 2562 vel
640 2502 676 2562 ad
696 2521 755 2582 eoS,
779 2503 831 2580 qui
853 2499 1008 2572 lumbricis
1027 2503 1058 2560 in
1077 2501 1171 2562 corde

153 2596 310 2650 vexantur:
346 2590 461 2668 Aquam
488 2589 600 2650 malvae
628 2609 696 2651 cnm
724 2589 811 2650 melle
838 2591 905 2668 pari
931 2607 1071 2649 mensura
1101 2607 1170 2666 per·

118 2692 134 2740 5
154 2681 275 2738 mixtam
298 2677 428 2756 tepidam
451 2679 545 2738 ieiuni
567 2677 678 2740 bibant.
715 2679 759 2738 Ad
782 2677 882 2740 cordis
905 2677 1038 2738 dolorem
1056 2676 1170 2738 herbae

153 2765 357 2846 erythrodani,
385 2767 416 2827 id
445 2774 491 2827 cst
514 2767 606 2827 caulis
629 2769 787 2847 purpurei,
817 2766 874 2826 hoc
903 2774 949 2826 est
971 2767 1090 2845 marini,
1118 2765 1169 2824 vel

153 2853 320 2916 sisimbriae
335 2872 441 2915 sucum
453 2855 489 2915 ad
503 2854 720 2933 plenitudinem
735 2854 897 2916 conchulae
912 2854 1064 2934 oblongae,
1079 2871 1169 2932 quam
1184 2877 1215 2918 es

153 2943 259 3003 Graeci
273 2942 404 3019 tellincn,
423 2943 473 3003 alii
487 2943 620 3004 chemam
639 2962 757 3004 macron
771 2951 886 3024 vocant,
901 2961 969 3003 cum
984 2961 1059 3020 aqua
1074 2942 1170 3004 calida

117 3047 245 3110 cprope
269 3038 388 3092 noctem
412 3031 573 3092 dormitum
597 3033 706 3092 vadens
729 3032 819 3093 that.
856 3031 950 3092 Pinus
972 3031 1077 3091 viridis
1100 3049 1170 3092 acu-

153 3119 237 3181 culac
262 3122 407 3181 contritae
431 3139 466 3181 ex
492 3123 559 3180 vino
578 3123 690 3199 optimo
708 3123 794 3199 potui
812 3121 896 3180 datae
916 3119 1015 3180 cordis
1035 3119 1169 3180 dolorem
1224 3190 1227 3194 .

153 3210 266 3286 sedant,
290 3212 330 3270 ita
353 3216 387 3270 ut
411 3211 462 3289 qui
485 3211 635 3288 potionem
658 3211 808 3288 acceperit
830 3207 993 3287 plnguibus
1017 3210 1095 3268 escis
1119 3208 1170 3268 ab·

243 3351 257 3400 1
277 3344 473 3416 schynoenthi.
555 3351 586 3399 15
608 3343 744 3415 Sabaoth]
766 3342 886 3398 cabaeIt.
965 3347 999 3397 16
1018 3342 1170 3401 collerunb.

153 3420 187 3470 20
211 3417 349 3488 gaioseia,
372 3419 486 3473 correct.
595 3423 629 3472 24
652 3414 846 3470 erithrodanis.
963 3418 998 3467 26
1024 3413 1170 3471 conculee.

153 3491 188 3540 26
206 3487 328 3542 teleneu.
402 3488 541 3562 chemam]
560 3486 710 3543 heminam.
