2564 3794
566 113 787 177 ‚82-

167 283 285 337 vetusto
318 275 365 336 vel
396 274 573 354 pedunculis
607 293 709 334 exesas
746 273 911 334 remedium
932 292 1084 352 xpraesens
1116 273 1186 335 bar-

167 365 301 426 baricum
325 364 460 445 quidem,
488 363 539 423 sed
564 362 666 423 multis
688 362 860 442 probatum:
889 361 1086 423 scarabaeum
1109 363 1185 441 pilo-

169 471 252 535 sum,
275 455 327 532 qui
350 452 454 512 similis
483 459 529 512 est
553 450 711 512 scarabaeo
739 469 824 533 vero,
852 453 883 510 in
911 450 1033 530 sepibus
1056 455 1185 512 vetustis

168 541 310 620 lapidosis
342 548 393 601 aut
422 543 454 601 in
486 541 605 601 fossatis
636 542 752 619 sepium
784 541 935 620 requires,
962 542 1014 618 qui
1047 542 1185 601 cutiones

171 638 241 691 sunt
277 629 375 690 colore
412 628 601 708 pseudofiavo
636 631 721 707 quasi
757 626 876 688 leonino
915 627 1003 706 pilosi
1039 627 1214 690 lucentesa

169 719 245 779 Ante
269 735 339 797 ergo
359 736 447 796 quam
465 716 550 778 illum
568 718 719 777 cutionem
737 716 832 798 tollas,
851 716 954 777 folium
974 716 1067 777 caulis
1086 719 1185 796 primo

170 825 255 868 mane
279 825 348 867 cum
371 825 426 867 suo
450 805 507 866 sibi
525 823 594 866 rore
613 805 660 865 vel
679 812 761 884 gutta
780 805 921 866 conclusa
940 807 971 866 in
990 805 1094 866 eodem
1114 805 1185 866 folio

170 902 320 976 teneatur,
343 903 385 974 ut,
408 893 460 954 ubi
484 896 632 954 cntionem
657 893 740 954 illurn
762 896 912 954 inveneris
938 893 1098 972 digitisque
1123 894 1186 971 pol-

169 983 226 1045 lice
254 991 284 1044 et
311 981 479 1043 medicinali
506 982 753 1064 adprehenderis,
781 982 938 1043 confestim
967 999 1055 1060 supra
1079 981 1185 1041 folium

169 1071 243 1132 illud
267 1071 360 1132 caulis
382 1079 494 1151 teneas,
517 1079 552 1130 ut
575 1089 665 1150 supra
688 1078 802 1149 guttam
825 1070 905 1130 illam
927 1069 1032 1131 lotium
1051 1071 1118 1130 eius
1137 1089 1228 1130 err-10

171 1162 276 1240 cipiaS,
302 1161 370 1237 quia
393 1158 446 1219 ubi
468 1177 558 1219 manu
581 1159 786 1237 adprehensus
810 1159 914 1238 fuerit,
937 1161 1036 1220 statim
1060 1177 1094 1218 se
1118 1158 1187 1220 sub·

169 1249 261 1307 meiit.
299 1245 519 1306 Providendum
543 1264 623 1326 ergo,
646 1253 681 1307 ut
703 1245 834 1306 velocius
862 1264 952 1324 supra
980 1246 1087 1308 folium
1114 1247 1188 1309 illud

172 1335 264 1397 caulis
283 1341 419 1415 ponatur,
442 1352 480 1394 ne
498 1332 603 1394 lotium
623 1335 697 1415 eius,
716 1334 795 1412 quod
815 1336 873 1395 cito
893 1335 1026 1415 effundit,
1050 1336 1123 1397 alibi
1140 1355 1188 1397 er·

172 1423 263 1503 cidat3
292 1422 370 1502 quod
399 1423 590 1483 commixtum
619 1441 687 1483 cum
715 1421 765 1482 illo
791 1440 860 1482 rore
884 1421 978 1482 caulis
1001 1441 1057 1501 per
1082 1425 1188 1504 specil·

171 1510 232 1572 lum
251 1510 400 1590 palpebris
419 1513 544 1590 inpones
564 1517 594 1570 et
616 1510 681 1570 loca
704 1509 808 1571 scabra
829 1510 887 1578 vel¹
900 1529 988 1570 exesa
1011 1513 1093 1574 inter
1111 1514 1188 1594 pilos
1202 1530 1228 1570 15
1261 1539 1262 1608 q

171 1617 330 1680 perunges,
354 1601 492 1660 effectum
515 1600 560 1658 rei
583 1601 642 1660 cito
665 1598 831 1659 miraberis.
872 1598 957 1669 Quod
981 1601 1007 1660 si
1030 1619 1104 1663 casu
1127 1621 1187 1662 unu
1261 1661 1262 1700 ,

171 1691 202 1748 in
230 1687 295 1748 loco
323 1687 369 1748 rel
397 1689 428 1748 in
457 1687 582 1747 diversis
615 1687 717 1766 plures
750 1689 824 1748 istos
857 1690 994 1749 cutiones
1025 1690 1187 1772 inveneris,
1261 1713 1262 1760 l

171 1778 304 1838 omniurn
331 1775 436 1837 lotium
464 1776 511 1836 vel
538 1794 687 1857 umorem,
715 1776 964 1854 quemadmodum
988 1777 1132 1858 diximus,
1155 1780 1187 1838 in

172 1865 241 1924 folio
269 1864 362 1925 caulis
389 1864 483 1925 umidi
512 1866 610 1925 statim
638 1864 675 1925 de
702 1863 790 1925 horto
820 1867 973 1943 suscipere
1004 1865 1128 1926 debebis
1157 1873 1187 1926 et
1262 1884 1263 1974 q

172 1953 295 2014 adiectis
319 1955 412 2031 guttis
435 1952 561 2013 aliorum
585 1952 621 2012 de
640 1952 723 2013 caule
743 1952 880 2013 foliorum
899 1955 930 2012 in
949 1953 1069 2014 vasculo
1090 1957 1185 2014 vitreo
1200 1971 1227 2010 no

172 2041 349 2122 recondere,
376 2048 411 2101 ut
438 2059 507 2101 cum
535 2058 609 2119 opus
633 2041 725 2101 fuerit
747 2047 866 2120 praesto
889 2039 1012 2122 habeas,
1036 2039 1107 2119 quia
1131 2042 1186 2101 dif-

120 2129 294 2190 lteficulter
321 2128 492 2189 huiusmodi
519 2127 661 2188 bestiolae
691 2130 893 2190 inveniuntur.
938 2128 981 2188 Ad
1015 2127 1185 2206 albuginem

173 2218 326 2278 oculorum
343 2215 553 2294 detergendam
568 2216 670 2277 efficax
684 2216 742 2278 hoc
756 2217 936 2278 remedium:
950 2215 1074 2296 Vulpem
1089 2218 1186 2276 vivam

173 2307 272 2384 capies
296 2307 382 2383 eique
406 2303 536 2382 linguam
564 2305 717 2383 praecides
741 2307 896 2384 ipsamque
920 2306 1014 2365 viram
1043 2304 1185 2383 dimittes,

79 2423 83 2432 .
171 2393 302 2470 linguam
331 2399 430 2452 autem
455 2394 519 2452 eius
547 2393 704 2453 arefactam
732 2393 889 2474 phoenicio
917 2393 1022 2471 ligabis
1051 2401 1081 2452 et
1108 2391 1185 2452 collo
1200 2409 1226 2449 aa

120 2483 251 2562 130eius,
267 2482 318 2559 qui
333 2479 501 2558 albuginem
515 2482 655 2562 patietur,
670 2482 842 2560 suspendes.
865 2481 982 2542 Herbae
997 2479 1185 2560 symphonia-

173 2588 225 2630 cae
249 2567 402 2629 surculum
426 2567 501 2629 collo
526 2571 599 2651 eius,
623 2571 675 2648 qui
700 2569 869 2649 albuginem
892 2572 1012 2650 patitur,
1035 2568 1096 2628 lino
1120 2585 1184 2628 sus-

171 2657 294 2738 pendes,
317 2659 358 2717 ita
381 2665 415 2718 ut
437 2675 492 2736 per
515 2657 579 2718 dies
602 2659 724 2736 triginta
747 2658 806 2719 illic
830 2661 882 2719 sit:
905 2667 1015 2738 quanto
1035 2657 1186 2716 recentior

120 2757 170 2806 131
178 2745 285 2824 albugo
309 2746 413 2826 fuerit,
441 2754 522 2806 tanto
551 2748 640 2807 citius
668 2746 828 2808 sanabitur.
869 2746 1079 2808 Rosmarinum
1105 2761 1184 2804 com·

172 2834 247 2895 bure
276 2842 306 2895 et
332 2833 485 2913 pulverem
516 2836 581 2895 eius
609 2853 677 2897 cum
704 2834 790 2895 melle
813 2835 911 2896 Attico
940 2835 1097 2914 diligenter
1119 2840 1183 2892 tere
1198 2849 1225 2889 ao

173 2940 207 2982 ac
234 2924 382 3000 permisce
410 2931 498 3002 atque
526 2923 596 2984 inde
625 2926 749 3004 inunge,
777 2924 933 2984 confestim
961 2923 1118 2986 subvenies
1147 2921 1184 3001 ei,

122 3013 231 3090 132qui
259 3010 427 3091 albuginem
456 3013 576 3090 patitur.
620 3011 729 3071 Fabam
757 3012 881 3073 fractam
913 3019 1067 3092 purgatam
1095 3015 1184 3086 atque

172 3108 270 3159 ustam
293 3099 329 3159 ad
353 3118 498 3160 summam
516 3100 665 3161 levitatem
688 3107 768 3159 teres
787 3108 819 3160 et
837 3101 940 3161 oculos
957 3100 1026 3161 inde
1045 3097 1183 3174 albugine

173 3197 334 3267 occupatos
353 3188 476 3249 adsidue
496 3207 532 3248 ex
550 3206 625 3267 aqua
645 3188 845 3269 circumlines,
869 3191 945 3250 miro
964 3186 1096 3250 remedio
1115 3183 1184 3244 sub·

122 3279 288 3340 merenies,
332 3277 428 3338 Piscis
455 3278 562 3337 marini
590 3275 671 3358 felle,
704 3278 755 3356 qui
787 3279 920 3356 scorpios
949 3278 1072 3357 dicitur,
1104 3271 1224 3333 conlisa

177 3369 292 3428 inuncti
316 3365 440 3444 caligine
464 3375 552 3443 atque
573 3364 710 3444 albugine
729 3368 863 3444 quamvis
882 3385 981 3428 crassa
1000 3367 1059 3426 cito
1078 3362 1183 3423 libera-

120 3454 299 3516 134buntur.
346 3453 472 3532 Sanguis
500 3453 704 3514 columbarum
731 3453 768 3514 de
793 3454 858 3516 loco
881 3458 1039 3535 pinnarum
1064 3470 1099 3512 eo
1123 3468 1184 3511 mo·
