2636 3790
596 138 815 202 ,44-

200 320 257 381 quc
281 319 315 362 eo
340 303 562 380 porriginosum
585 308 616 361 et
639 301 808 361 ulcerosum
827 307 916 378 caput
940 307 1042 360 contra
1066 297 1160 377 pilum
1184 307 1215 360 et

145 405 178 452 31
199 397 301 470 postea
324 388 435 450 lavabis
458 392 489 450 13
509 389 622 450 balneo.
660 388 831 468 Conpositio
856 390 966 468 optima
986 398 1017 448 et
1036 395 1157 466 experta
1177 386 1213 447 ad
1275 422 1276 450 t

199 481 269 540 vitia
288 480 394 557 capitis
413 480 512 539 omnia
531 495 622 556 supra
641 479 766 556 scripta:
789 475 921 537 Pumieis
939 478 1067 556 unciam,
1086 478 1214 537 castorei
1275 481 1276 484 ’

201 601 240 612 -
261 567 294 648 V,
317 585 440 647 spumae
459 569 574 645 argenti
595 565 696 644 -V1,
720 568 822 645 cyperi
842 600 884 608 —
898 565 948 644 111,
971 583 1088 645 myrrae
1110 598 1147 608 —
1164 564 1214 644 lll,

200 655 382 736 myrobalani
407 689 445 700 -
466 654 534 735 1111,
559 653 713 734 sulphuris
737 656 795 714 rivi
820 687 858 698 --
879 653 906 735 13
930 655 1027 714 omnia
1051 653 1160 714 tundes
1184 661 1214 714 et
1243 669 1276 710 a¹

200 744 346 806 cribrabis
374 753 405 805 et
431 745 586 824 permixtis
618 761 673 822 pro
706 741 893 821 aphronitro.
911 744 942 802 13
973 742 1079 803 balneo
1112 744 1215 803 uteris.

147 847 180 896 32
200 835 303 914 Adipis
328 835 437 894 veteris
461 831 564 893 suillae
587 831 618 891 P.
639 831 651 890 l
674 839 704 892 et
726 833 803 910 picis
826 831 944 893 cedriae
967 831 999 892 P.
1020 831 1033 891 l
1060 833 1129 910 igne
1157 831 1215 890 dis-

201 923 310 1002 331333,
340 929 402 982 tum
431 920 583 1000 staphidos
612 923 710 998 agriae
738 927 844 981 tunsae
873 921 991 981 unciam
1018 917 1158 981 miscebis
1186 927 1216 979 et
1276 912 1277 972 l

200 1019 269 1072 ante
292 1011 395 1071 horam
415 1028 504 1090 quam
522 1009 559 1070 ad
577 1007 717 1070 balneum
735 1009 823 1070 vadas
846 1011 886 1070 ita
910 1015 1000 1087 caput
1022 1009 1101 1068 vitiis
1125 1025 1215 1087 supra

201 1101 322 1178 scriptis
344 1098 482 1159 laborans
506 1105 609 1158 contra
632 1097 726 1176 pilum
750 1097 884 1178 irioahis,
908 1105 942 1158 ut
969 1095 1097 1158 insideat
1124 1095 1215 1156 medi·
1231 1113 1260 1153 ro

201 1195 379 1268 camentum,
403 1186 482 1266 quod
507 1204 567 1246 333
591 1193 659 1246 3333
683 1185 779 1246 diluas
803 1186 951 1265 quemad
975 1185 1082 1246 solium
1105 1186 1215 1246 venias.

202 1276 234 1336 si
249 1282 348 1336 autern
367 1275 555 1336 medicamini
574 1273 645 1334 huic
664 1275 809 1335 adieceris
824 1274 921 1335 ladani
936 1273 1109 1354 scripulum,
1127 1273 1215 1353 capil-

148 1378 181 1428 33
201 1365 263 1426 lum
286 1367 402 1424 nutries
424 1362 636 1442 pulchriorem.
671 1361 816 1424 Furlures
837 1366 942 1442 capitis
965 1361 1216 1443 extenuabuntur,

202 1455 228 1514 si
255 1460 389 1513 stercore
416 1453 535 1513 murino
567 1450 726 1530 liquefacto
759 1454 790 1511 in
823 1459 907 1512 33333
935 1460 1025 1530 caput
1051 1453 1082 1511 13
1110 1450 1216 1511 balneo
1277 1471 1278 1524 t

148 1542 405 1621 34333131333313.
450 1539 536 1602 13313
570 1541 687 1600 taurino
715 1548 805 1619 caput
833 1543 859 1601 si
885 1540 1006 1622 laveris,
1033 1541 1216 1619 porriginem
1233 1541 1278 1596 331

148 1628 542 1692 33333333133133333331113.
578 1627 732 1689 Vetustam
755 1631 937 1708 porriginem
956 1631 1031 1689 mire
1051 1628 1172 1710 adimes,
1192 1631 1218 1688 si
1277 1619 1278 1678 l

200 1718 311 1780 herbae
334 1717 519 1798 cyclaminis,
546 1717 576 1778 id
599 1725 646 1778 est
669 1717 859 1798 orbicularis,
889 1735 962 1778 suco
991 1716 1144 1798 sulphuris
1167 1716 1217 1778 ali·

202 1815 345 1888 quantum
369 1807 526 1868 miscueris
550 1813 580 1866 et
603 1805 643 1866 131
666 1807 828 1866 scrofinum
859 1813 948 1886 atque
976 1806 1046 1867 inde
1074 1813 1164 1884 caput
1186 1807 1217 1865 in

149 1909 182 1959 33
202 1897 308 1958 balneo
331 1895 407 1956 hene
430 1894 615 1975 perfricabis.
653 1894 759 1955 Ulcera
783 1897 888 1973 capitis
909 1894 1008 1956 subito
1027 1901 1094 1955 nata
1114 1911 1216 1954 sanan-

202 1995 265 2066 tur,
294 1987 320 2045 si
348 1986 424 2045 asini
451 1985 594 2045 stercoris
622 2001 694 2044 suco
723 1992 753 2044 et
780 1983 880 2044 scillae
904 1985 1048 2043 contritae
1073 1991 1216 2061 quantum
1232 1999 1262 2039 eo

204 2076 276 2135 satis
294 2073 444 2134 videbitur
463 2081 494 2133 et
512 2071 641 2132 bubulae
658 2072 753 2150 adipis
767 2071 942 2132 tantundem
956 2073 1113 2131 miscueris
1127 2078 1217 2150 atque

150 2175 183 2224 33
204 2163 240 2224 331
264 2164 370 2241 capitis
393 2161 496 2222 ulcera
520 2160 610 2221 veluti
634 2169 736 2220 ceroto
759 2179 832 2221 usus
855 2160 957 2220 fueris.
994 2157 1048 2219 Fel
1067 2161 1216 2220 taurinum

203 2254 329 2310 mixtum
353 2269 422 2310 cum
445 2251 524 2309 nitro
548 2250 668 2309 333133
692 2248 819 2330 333133,
843 2249 922 2328 quod
946 2249 1093 2328 33313313,
1117 2247 1217 2308 ulcera

150 2351 184 2400 38
204 2340 310 2417 capitis
338 2337 384 2398 331
411 2337 627 2398 fervescentem
656 2337 786 2397 scabiem
814 2344 905 2398 sanat.
951 2335 1057 2397 Ulcera
1086 2339 1217 2396 recentia

204 2434 234 2488 et
258 2428 396 2486 33133333
415 2428 485 2486 31313
504 2425 638 2486 ulcerum
661 2427 693 2485 in
717 2427 813 2505 capite
836 2433 942 2486 sanant
965 2443 1089 2504 vermes,
1112 2427 1164 2503 qui
1186 2427 1262 2484 1333

204 2515 310 2576 arbore
334 2533 404 2576 cava
427 2514 473 2575 331
496 2514 615 2592 putrida
643 2524 822 2593 nascuntur,
849 2516 914 2574 triti
942 2524 971 2575 33
998 2516 1029 2574 13
1053 2531 1151 2593 panno
1174 2516 1216 2574 in-

161 2634 164 2639 ·
204 2605 303 2684 positi.
344 2602 438 2663 lidem
461 2621 576 2664 vermes
600 2602 739 2663 conbusti
767 2612 797 2663 et
825 2621 894 2663 oum
917 2602 1026 2663 anetho
1050 2605 1130 2663 sicco
1153 2605 1219 2680 pari

150 2704 184 2752 39
204 2693 336 2772 pondere
359 2694 424 2753 triti
446 2699 477 2752 et
499 2694 621 2771 inpositi
645 2698 750 2751 sanant
773 2692 861 2751 etiam
887 2695 1094 2752 carcinomata.
1135 2689 1218 2752 13313

203 2785 234 2842 13
260 2781 324 2842 3133
348 2781 479 2842 discocta
503 2788 534 2841 et
557 2782 685 2842 contrita
708 2788 739 2840 et
761 2797 829 2840 cum
849 2778 956 2860 butyro
976 2779 1063 2840 331113
1084 2787 1114 2840 33
1131 2780 1218 2842 melle

203 2871 331 2948 inposita
351 2869 491 2931 cacoethc
512 2867 665 2948 [maligna]
685 2868 835 2950 emendat3
855 2869 958 2930 eadem
978 2870 1093 2929 ratione
1112 2887 1218 2931 curan·
1234 2889 1262 2930 33

204 2969 254 3020 333
273 2966 303 3019 33
321 2958 436 3038 tubera,
460 2958 512 3018 sod
530 2958 604 3018 haec
623 2959 687 3017 3133
706 2957 859 3035 emplastri
877 2975 976 3037 panno
996 2956 1082 3017 inlini
1101 2957 1220 3020 dehent.

151 3059 185 3107 43
204 3046 328 3108 Vermes
348 3047 500 3108 ulceribus
519 3048 624 3126 capitis
643 3045 689 3106 331
709 3044 947 3125 quibuscumque
966 3047 1061 3106 innati
1079 3063 1219 3108 ranarum

204 3135 271 3197 13113
296 3135 454 3218 3311333333,
482 3153 516 3196 33
545 3153 627 3214 3333,
656 3153 731 3213 quae
758 3135 940 3196 intrinsecus
964 3142 1102 3214 serpunt,
1132 3135 1220 3196 salsa·

204 3234 305 3286 mento
329 3232 430 3285 vetere
454 3233 542 3285 tunso
566 3226 598 3284 in
621 3225 714 3283 vicem
739 3222 892 3296 emplastri
915 3225 1043 3302 inposito
1068 3231 1218 3284 sanantur.

150 3325 184 3374 41
204 3314 297 3374 Radix
314 3315 439 3393 peponis
458 3314 585 3374 contrita
605 3320 635 3372 et
654 3311 787 3390 adposita
808 3320 891 3372 sanat
905 3312 1014 3392 ulcera,
1035 3329 1109 3390 quae
1129 3314 1219 3390 capiti
1233 3329 1263 3372 33

151 3405 236 3463 4313
264 3403 385 3464 modum
413 3403 470 3462 lavi
498 3408 704 3462 concrescunt.
747 3399 855 3461 Semen
884 3402 979 3461 ralani
1002 3401 1106 3461 tritum
1131 3408 1161 3460 33
1183 3420 1217 3461 cx

151 3501 186 3550 43
206 3509 281 3570 aqua
317 3491 485 3571 adpositum
517 3492 596 3550 sistit
624 3491 721 3550 omnia
750 3488 859 3552 ulcera.
905 3489 1031 3551 Porrum
1059 3491 1219 3570 capitatum
