2564 3794
552 137 790 202 -162-

130 337 132 342 ,
163 308 269 379 genter
296 300 326 360 in
350 301 538 360 1444111444
562 317 690 379 repones
714 307 802 378 atque
827 317 861 358 ex
886 316 921 358 eo
946 300 1066 358 ieiunus
1090 305 1175 357 terna

164 388 308 449 coclearia
336 388 457 449 cottidie
487 405 600 468 sumes3
629 406 722 467 aeque
750 388 873 466 prodest
899 385 1045 447 marrubii
1071 385 1176 445 viridis

164 495 254 538 sucus
283 495 351 538 cum
384 476 481 537 mellis
509 477 676 555 despumati
705 479 769 555 pari
800 493 939 536 mensura
971 475 1116 535 decoetus
1147 481 1176 532 et

164 565 298 626 cocleare
320 565 409 645 pleno
433 583 518 626 mane
543 572 680 644 sumptus
704 573 734 625 et
757 583 887 644 vespere.
969 625 972 646 Ι

108 667 143 715 42
251 653 350 714 Herba
378 655 538 732 argimonia
568 655 695 714 contrita
723 661 753 713 et
785 671 820 712 ex
853 653 921 712 rino
954 659 1055 712 vetere
1086 649 1201 711 dilutae

162 745 248 822 potui
271 743 337 803 data
361 744 448 803 unice
472 741 669 802 tussientibus
692 741 823 822 prodest,
846 747 954 820 tamen,
977 747 1011 800 41
1034 739 1107 820 dixi,
1128 739 1176 815 qui

109 844 142 892 43
163 831 372 893 remediandos
396 832 583 891 4411414444
606 832 740 909 accipiat.
781 829 870 890 Betae
894 827 977 888 radix
999 829 1106 906 pipere
1130 826 1176 886 ad·

162 922 240 980 14414
264 921 439 1000 4441441144,
463 937 499 979 414
522 937 558 978 44
581 919 617 979 411
641 921 754 998 piperis
777 917 1010 996 magnitudinem
1029 915 1176 994 catapotia

162 1009 246 1090 fiunt,
264 1008 333 1068 inde
347 1007 417 1068 bina
436 1010 535 1068 ieiuno
555 1008 622 1068 data
642 1008 830 1088 devorantur,
849 1007 943 1066 donec
960 1006 1054 1066 tussis
1073 1005 1176 1064 vitium

109 1110 144 1156 44
163 1103 366 1157 consenescat.
407 1095 504 1156 Fabae
532 1095 642 1155 solidae
668 1113 793 1174 granum
816 1095 949 1155 14144414
972 1095 1002 1154 14
1027 1111 1106 1173 aqua
1129 1089 1176 1151 ad·
1190 1105 1213 1144 1⁰

164 1201 259 1262 eoque
287 1183 436 1262 inflatum,
464 1191 498 1244 ut
525 1183 592 1263 plus
620 1186 734 1244 umoris
761 1191 890 1261 nequeat
914 1182 1048 1261 haurire,
1079 1180 1176 1242 subito

110 1285 144 1332 45
164 1271 338 1330 devoratum
366 1279 480 1331 tussem
509 1273 584 1331 mire
614 1271 699 1332 tollit.
744 1271 863 1332 Lotium
895 1270 1059 1331 humanum
1093 1276 1177 1330 114144

164 1357 278 1419 adiecto
303 1376 401 1438 croco,
425 1367 458 1418 41
482 1359 555 1418 odor
578 1361 642 1419 eius
666 1358 828 1439 occulatur,
853 1359 1029 1420 exhaustum
1060 1365 1178 1418 veteres

110 1455 263 1511 44144444
286 1455 316 1506 41
340 1465 404 1528 eos,
432 1449 484 1525 qui
512 1465 612 1508 crassa
634 1449 741 1526 pituita
766 1455 923 1528 vexantur,
951 1447 1099 1508 emendat.
1147 1443 1177 1504 Si

163 1537 213 1596 cui
236 1535 324 1596 saliva
348 1535 485 1596 resiliens
508 1544 623 1596 1444441
646 1537 783 1618 moverit,
812 1535 918 1614 aliquis
942 1538 1023 1596 4114
1047 1537 1211 1596 1444141410

109 1638 144 1688 47
163 1622 272 1706 sulllet,
291 1626 391 1685 statim
409 1623 528 1685 desinit.
555 1622 599 1684 Ex
619 1644 673 1684 ouo
693 1625 768 1685 duro
787 1626 914 1685 interius
933 1625 1012 1702 quod
1028 1633 1076 1685 est
1090 1639 1176 1703 passo

162 1714 299 1774 intritum
327 1713 452 1774 adiectis
480 1732 573 1792 aquae
601 1713 712 1774 calidae
740 1713 854 1794 cyathis
881 1712 998 1773 duobus
1027 1715 1067 1792 si,
1097 1719 1175 1772 ante-

163 1819 251 1880 quam
275 1801 409 1862 eubitum
432 1819 496 1883 444,
523 1801 649 1882 biberis,
679 1803 856 1882 quietiorem
884 1820 900 1862 a
928 1802 1005 1861 tussi
1032 1803 1176 1862 maiorem

160 1897 276 1968 partem
305 1893 402 1952 noctis
430 1890 553 1952 habebis
582 1899 612 1951 et
639 1893 704 1951 4144
732 1893 861 1970 potionis
887 1889 1065 1950 adsiduitate
1095 1905 1175 1949 4444-

110 1991 144 2040 48
163 1979 243 2039 here.
276 1977 354 2040 Faba
374 1980 451 2040 14444
470 1979 677 2060 tussientibus,
695 1981 726 2040 in
747 1997 803 2058 qua
823 1978 919 2038 aleum
938 1985 1057 2038 coctum
1078 1978 1176 2055 luerit,
1189 1986 1212 2028 00

161 2069 288 2127 maxime
317 2067 441 2146 prodest
468 2067 515 2128 vel
542 2086 577 2128 ex
605 2067 691 2128 melle
720 2069 750 2128 in
779 2067 845 2128 cibo
874 2073 991 2146 sumpta
1014 2066 1177 2128 efficaciter

162 2156 327 2216 remedium
351 2163 491 2235 praestat,
515 2156 567 2216 sed
591 2163 621 2216 et
639 2156 815 2234 purulentas
834 2157 1036 2215 excreationes
1056 2153 1177 2216 cohibet

110 2255 143 2304 49
165 2252 195 2303 41
218 2251 310 2304 sanat.
352 2243 441 2304 Ficus
465 2245 561 2304 siccae
587 2253 649 2304 tres
673 2263 741 2305 cum
764 2244 869 2324 hysopi
892 2243 1008 2304 modico
1032 2251 1062 2304 et
1085 2257 1175 2323 parvo

162 2339 247 2391 rutae
266 2331 408 2392 fasciculo
433 2340 464 2391 41
482 2333 633 2412 quartario
652 2333 838 2410 laenograeci
856 2333 975 2410 purgati
994 2350 1063 2392 oum
1082 2346 1175 2410 aquae

163 2419 273 2478 nitidae
304 2421 431 2479 sextario
461 2436 610 2498 propenso
640 2423 671 2480 in
702 2420 758 2480 olla
788 2421 856 2482 rudi
884 2421 919 2480 ad
948 2420 1060 2481 medias
1089 2420 1211 2479 11444·οῡ

164 2515 297 2586 quantur
320 2515 350 2568 et
373 2508 517 2590 colantur,
540 2508 609 2569 inde
633 2516 695 2569 tres
714 2511 850 2588 potiones
871 2508 1077 2588 pertriduum
1097 2507 1173 2568 tussi

108 2605 142 2656 14
161 2597 252 2656 11111114
274 2595 478 2656 laborantibus
501 2597 623 2679 dantur3
646 2599 754 2658 mirum
778 2598 944 2658 remedium
967 2605 1021 2658 441.
1064 2597 1172 2657 Savum

162 2685 261 2744 ovium
285 2683 441 2744 decoctum
470 2693 590 2746 414414
614 2687 682 2745 vino
705 2694 824 2746 austero
849 2686 989 2765 depotum
1013 2689 1089 2746 tussi
1113 2700 1171 2744 me·

107 2783 140 2832 41
161 2771 257 2832 detur.
293 2771 458 2856 Sandaraca
478 2791 597 2853 quoque
621 2791 689 2834 cum
712 2777 811 2834 resina
834 2773 1035 2836 terebinthina
1058 2793 1094 2835 ex
1117 2789 1170 2830 ovo

106 2871 141 2920 52
161 2859 265 2920 sorbili
285 2868 402 2940 sumpta
417 2869 531 2922 tussem
545 2861 698 2922 remediat.
729 2861 900 2924 vettonicae
913 2861 1032 2942 pollinis
1051 2857 1130 2939 drag.
1144 2856 1208 2918 1100

160 2950 190 3009 14
214 2950 294 3028 passi
318 2948 429 3010 Cretici
452 2950 565 3030 cyathis
588 2950 705 3012 duobus
728 2953 874 3030 permixta
900 2969 975 3031 aqua
999 2949 1091 3012 calida
1115 2947 1170 3009 uti-

159 3037 229 3098 liter
252 3037 408 3099 adversum
432 3046 545 3100 tussem
568 3038 721 3100 bibuntur.

106 3136 141 3186 43
250 3125 383 3188 Ρ4114444
406 3127 571 3189 remedium
596 3129 631 3188 ad
651 3136 764 3190 11144441
783 3130 843 3190 sic:
865 3128 999 3190 Feniculi
1018 3131 1089 3190 sicci
1108 3123 1170 3188 triti

160 3207 200 3301 21
228 3213 320 3298 Vllll,
348 3216 449 3278 anethi
476 3217 612 3278 similiter
641 3210 681 3304 ,β
710 3216 802 3292 Vllll,
830 3219 891 3296 opii
918 3216 1043 3296 Hispani
1070 3209 1168 3303 211.

250 3429 281 3476 11
302 3422 436 3478 humoris.
510 3429 542 3478 13
562 3425 716 3479 exaustum.
776 3428 811 3476 24
829 3421 997 3491 fenograeai.
1053 3427 1086 3477 111
1105 3433 1168 3490 pro-

158 3506 261 3558 pensae
282 3494 441 3550 Ceramiae.
492 3499 526 3549 29
545 3495 727 3550 terebentina.
782 3499 814 3547 31
834 3493 989 3561 permixtae
1009 3491 1168 3548 0441144144.
