<?xml version="1.0" encoding="UTF-8"?>
<!DOCTYPE html PUBLIC "-//W3C//DTD XHTML 1.0 Transitional//EN"
    "http://www.w3.org/TR/xhtml1/DTD/xhtml1-transitional.dtd">
<html xmlns="http://www.w3.org/1999/xhtml" xml:lang="en" lang="en">
 <head>
  <title>
</title>
<meta http-equiv="Content-Type" content="text/html;charset=utf-8" />
  <meta name='ocr-system' content='tesseract 3.04.00' />
  <meta name='ocr-capabilities' content='ocr_page ocr_carea ocr_par ocr_line ocrx_word'/>
</head>
<body>
  <div class='ocr_page' id='page_1' title='image "./marcellidemedic02helmgoog_0109.png"; bbox 0 0 2564 3794; ppageno 0'>
   <div class='ocr_carea' id='block_1_1' title="bbox 489 129 712 192">
    <p class='ocr_par' dir='ltr' id='par_1_1' title="bbox 489 129 712 192">
     <span class='ocr_line' id='line_1_1' title="bbox 489 129 712 192; baseline 0.009 -20"><span class='ocrx_word' id='word_1_1' title='bbox 489 129 712 192; x_wconf 74' lang='lat'>-97-</span> 
     </span>
    </p>
   </div>
   <div class='ocr_carea' id='block_1_2' title="bbox 6 289 1162 3286">
    <p class='ocr_par' dir='ltr' id='par_1_2' title="bbox 65 289 1162 1076">
     <span class='ocr_line' id='line_1_2' title="bbox 91 289 1162 371; baseline 0.006 -22"><span class='ocrx_word' id='word_1_2' title='bbox 91 290 135 350; x_wconf 81' lang='lat' dir='ltr'><strong>Ad</strong></span> <span class='ocrx_word' id='word_1_3' title='bbox 159 289 310 350; x_wconf 76' lang='lat' dir='ltr'><strong>auriculae</strong></span> <span class='ocrx_word' id='word_1_4' title='bbox 330 298 477 350; x_wconf 88' lang='lat' dir='ltr'><strong>tumorem</strong></span> <span class='ocrx_word' id='word_1_5' title='bbox 496 299 526 350; x_wconf 91' lang='lat' dir='ltr'><strong>et</strong></span> <span class='ocrx_word' id='word_1_6' title='bbox 544 289 677 350; x_wconf 90' lang='lat' dir='ltr'><strong>dolorem</strong></span> <span class='ocrx_word' id='word_1_7' title='bbox 697 293 761 350; x_wconf 90' lang='lat' dir='ltr'><strong>sine</strong></span> <span class='ocrx_word' id='word_1_8' title='bbox 781 290 881 352; x_wconf 90' lang='lat' dir='ltr'><strong>ulcere</strong></span> <span class='ocrx_word' id='word_1_9' title='bbox 901 293 1023 371; x_wconf 90' lang='lat' dir='ltr'><strong>prodest</strong></span> <span class='ocrx_word' id='word_1_10' title='bbox 1041 292 1108 353; x_wconf 91' lang='lat' dir='ltr'><strong>ber·</strong></span> <span class='ocrx_word' id='word_1_11' title='bbox 1127 305 1162 355; x_wconf 80' lang='grc'><strong>33</strong></span> 
     </span>
     <span class='ocr_line' id='line_1_3' title="bbox 91 377 1108 442; baseline 0.006 -5"><span class='ocrx_word' id='word_1_12' title='bbox 91 377 145 438; x_wconf 89' lang='lat' dir='ltr'><strong>bae</strong></span> <span class='ocrx_word' id='word_1_13' title='bbox 170 378 335 438; x_wconf 80' lang='lat' dir='ltr'><strong>urceolaris</strong></span> <span class='ocrx_word' id='word_1_14' title='bbox 354 388 405 438; x_wconf 91' lang='lat' dir='ltr'><strong>ant</strong></span> <span class='ocrx_word' id='word_1_15' title='bbox 424 377 596 439; x_wconf 80' lang='lat' dir='ltr'><strong>cucurbitae</strong></span> <span class='ocrx_word' id='word_1_16' title='bbox 616 388 819 439; x_wconf 84' lang='lat' dir='ltr'><strong>ramentorum</strong></span> <span class='ocrx_word' id='word_1_17' title='bbox 840 397 930 440; x_wconf 88' lang='lat' dir='ltr'><strong>sucus</strong></span> <span class='ocrx_word' id='word_1_18' title='bbox 949 399 1055 442; x_wconf 90' lang='lat' dir='ltr'><strong>recens</strong></span> <span class='ocrx_word' id='word_1_19' title='bbox 1075 399 1108 442; x_wconf 89' lang='grc'><strong>33</strong></span> 
     </span>
     <span class='ocr_line' id='line_1_4' title="bbox 91 466 1107 546; baseline 0.004 -20"><span class='ocrx_word' id='word_1_20' title='bbox 91 476 196 545; x_wconf 85' lang='grc'>133333</span> <span class='ocrx_word' id='word_1_21' title='bbox 229 485 282 546; x_wconf 87' lang='grc'><strong>333</strong></span> <span class='ocrx_word' id='word_1_22' title='bbox 316 466 460 544; x_wconf 84' lang='lat' dir='ltr'><strong>strigilem</strong></span> <span class='ocrx_word' id='word_1_23' title='bbox 494 469 537 526; x_wconf 83' lang='lat' dir='ltr'><strong>iu·</strong></span> <span class='ocrx_word' id='word_1_24' title='bbox 558 467 690 527; x_wconf 82' lang='lat' dir='ltr'><strong>foramen</strong></span> <span class='ocrx_word' id='word_1_25' title='bbox 718 469 799 528; x_wconf 89' lang='lat' dir='ltr'><strong>auris</strong></span> <span class='ocrx_word' id='word_1_26' title='bbox 827 468 954 530; x_wconf 91' lang='lat' dir='ltr'><strong>dolentis</strong></span> <span class='ocrx_word' id='word_1_27' title='bbox 981 470 1107 530; x_wconf 88' lang='grc'>1313333.</span> 
     </span>
     <span class='ocr_line' id='line_1_5' title="bbox 92 553 1160 638; baseline 0.007 -24"><span class='ocrx_word' id='word_1_28' title='bbox 92 553 233 615; x_wconf 75' lang='lat' dir='ltr'><strong>Curiones</strong></span> <span class='ocrx_word' id='word_1_29' title='bbox 261 554 404 615; x_wconf 84' lang='lat' dir='ltr'><strong>bestiolae</strong></span> <span class='ocrx_word' id='word_1_30' title='bbox 433 565 503 616; x_wconf 91' lang='lat' dir='ltr'><strong>sunt</strong></span> <span class='ocrx_word' id='word_1_31' title='bbox 530 555 707 633; x_wconf 88' lang='lat' dir='ltr'><strong>multipedes</strong></span> <span class='ocrx_word' id='word_1_32' title='bbox 740 565 808 616; x_wconf 84' lang='lat' dir='ltr'><strong>cute</strong></span> <span class='ocrx_word' id='word_1_33' title='bbox 836 557 910 617; x_wconf 91' lang='lat' dir='ltr'><strong>dura</strong></span> <span class='ocrx_word' id='word_1_34' title='bbox 943 565 973 618; x_wconf 91' lang='lat' dir='ltr'><strong>et</strong></span> <span class='ocrx_word' id='word_1_35' title='bbox 1005 558 1107 638; x_wconf 92' lang='lat' dir='ltr'><strong>solida,</strong></span> <span class='ocrx_word' id='word_1_36' title='bbox 1126 573 1160 622; x_wconf 89' lang='grc'><strong>33</strong></span> 
     </span>
     <span class='ocr_line' id='line_1_6' title="bbox 65 643 1108 726; baseline 0.005 -24"><span class='ocrx_word' id='word_1_37' title='bbox 65 660 168 721; x_wconf 81' lang='lat' dir='ltr'><strong>equae</strong></span> <span class='ocrx_word' id='word_1_38' title='bbox 193 652 288 704; x_wconf 90' lang='lat' dir='ltr'><strong>tactae</strong></span> <span class='ocrx_word' id='word_1_39' title='bbox 311 643 480 722; x_wconf 77' lang='lat' dir='ltr'><strong>complicant</strong></span> <span class='ocrx_word' id='word_1_40' title='bbox 503 661 535 703; x_wconf 90' lang='lat' dir='ltr'><strong>se</strong></span> <span class='ocrx_word' id='word_1_41' title='bbox 558 647 589 704; x_wconf 92' lang='lat' dir='ltr'><strong>in</strong></span> <span class='ocrx_word' id='word_1_42' title='bbox 613 643 716 706; x_wconf 90' lang='lat' dir='ltr'><strong>orbem</strong></span> <span class='ocrx_word' id='word_1_43' title='bbox 739 643 847 722; x_wconf 87' lang='lat' dir='ltr'><strong>pilulae</strong></span> <span class='ocrx_word' id='word_1_44' title='bbox 871 646 1108 726; x_wconf 78' lang='lat' dir='ltr'><strong>mundissimae,</strong></span> 
     </span>
     <span class='ocr_line' id='line_1_7' title="bbox 91 731 1107 812; baseline 0.006 -23"><span class='ocrx_word' id='word_1_45' title='bbox 91 731 254 810; x_wconf 80' lang='lat' dir='ltr'><strong>polypodas</strong></span> <span class='ocrx_word' id='word_1_46' title='bbox 273 731 378 792; x_wconf 88' lang='lat' dir='ltr'><strong>Graeci</strong></span> <span class='ocrx_word' id='word_1_47' title='bbox 397 731 558 812; x_wconf 82' lang='lat' dir='ltr'><strong>appellant3</strong></span> <span class='ocrx_word' id='word_1_48' title='bbox 581 733 636 792; x_wconf 90' lang='lat' dir='ltr'><strong>hae</strong></span> <span class='ocrx_word' id='word_1_49' title='bbox 658 732 817 811; x_wconf 88' lang='lat' dir='ltr'><strong>conplures</strong></span> <span class='ocrx_word' id='word_1_50' title='bbox 836 741 937 794; x_wconf 90' lang='lat' dir='ltr'><strong>coctae</strong></span> <span class='ocrx_word' id='word_1_51' title='bbox 956 752 1024 794; x_wconf 90' lang='lat' dir='ltr'><strong>cum</strong></span> <span class='ocrx_word' id='word_1_52' title='bbox 1044 735 1107 795; x_wconf 91' lang='lat' dir='ltr'><strong>oleo</strong></span> 
     </span>
     <span class='ocr_line' id='line_1_8' title="bbox 92 819 1107 902; baseline 0.004 -24"><span class='ocrx_word' id='word_1_53' title='bbox 92 819 174 879; x_wconf 92' lang='lat' dir='ltr'><strong>molli</strong></span> <span class='ocrx_word' id='word_1_54' title='bbox 202 823 233 880; x_wconf 93' lang='lat' dir='ltr'><strong>in</strong></span> <span class='ocrx_word' id='word_1_55' title='bbox 263 838 329 880; x_wconf 90' lang='lat' dir='ltr'><strong>vaso</strong></span> <span class='ocrx_word' id='word_1_56' title='bbox 358 820 455 880; x_wconf 81' lang='lat' dir='ltr'><strong>ferreo</strong></span> <span class='ocrx_word' id='word_1_57' title='bbox 484 821 615 881; x_wconf 89' lang='lat' dir='ltr'><strong>remedio</strong></span> <span class='ocrx_word' id='word_1_58' title='bbox 644 829 715 881; x_wconf 91' lang='lat' dir='ltr'><strong>sunt</strong></span> <span class='ocrx_word' id='word_1_59' title='bbox 742 821 865 882; x_wconf 90' lang='lat' dir='ltr'><strong>auribus</strong></span> <span class='ocrx_word' id='word_1_60' title='bbox 895 821 1107 902; x_wconf 87' lang='lat' dir='ltr'><strong>laborantibus,</strong></span> 
     </span>
     <span class='ocr_line' id='line_1_9' title="bbox 93 908 1160 990; baseline 0.005 -22"><span class='ocrx_word' id='word_1_61' title='bbox 93 910 119 968; x_wconf 91' lang='lat' dir='ltr'><strong>si</strong></span> <span class='ocrx_word' id='word_1_62' title='bbox 142 909 212 967; x_wconf 89' lang='lat' dir='ltr'><strong>iude</strong></span> <span class='ocrx_word' id='word_1_63' title='bbox 236 916 388 969; x_wconf 90' lang='lat' dir='ltr'><strong>curentur.</strong></span> <span class='ocrx_word' id='word_1_64' title='bbox 435 908 524 968; x_wconf 89' lang='lat' dir='ltr'><strong>Gliris</strong></span> <span class='ocrx_word' id='word_1_65' title='bbox 548 911 657 988; x_wconf 84' lang='lat' dir='ltr'><strong>pingue</strong></span> <span class='ocrx_word' id='word_1_66' title='bbox 681 917 711 969; x_wconf 91' lang='lat' dir='ltr'><strong>et</strong></span> <span class='ocrx_word' id='word_1_67' title='bbox 734 909 857 988; x_wconf 79' lang='lat' dir='ltr'><strong>gallinae</strong></span> <span class='ocrx_word' id='word_1_68' title='bbox 881 910 971 990; x_wconf 86' lang='lat' dir='ltr'><strong>adeps</strong></span> <span class='ocrx_word' id='word_1_69' title='bbox 995 919 1025 971; x_wconf 92' lang='grc'><strong>31</strong></span> <span class='ocrx_word' id='word_1_70' title='bbox 1047 929 1107 972; x_wconf 88' lang='lat' dir='ltr'><strong>me·</strong></span> <span class='ocrx_word' id='word_1_71' title='bbox 1126 925 1160 973; x_wconf 85' lang='lat'><strong>34</strong></span> 
     </span>
     <span class='ocr_line' id='line_1_10' title="bbox 92 995 1107 1076; baseline 0.005 -21"><span class='ocrx_word' id='word_1_72' title='bbox 92 995 171 1057; x_wconf 90' lang='lat' dir='ltr'><strong>dulla</strong></span> <span class='ocrx_word' id='word_1_73' title='bbox 191 995 334 1057; x_wconf 90' lang='lat' dir='ltr'><strong>bubulina</strong></span> <span class='ocrx_word' id='word_1_74' title='bbox 352 997 399 1056; x_wconf 87' lang='lat' dir='ltr'><strong>vel</strong></span> <span class='ocrx_word' id='word_1_75' title='bbox 417 999 533 1058; x_wconf 89' lang='lat' dir='ltr'><strong>taurina</strong></span> <span class='ocrx_word' id='word_1_76' title='bbox 554 997 710 1076; x_wconf 79' lang='lat' dir='ltr'><strong>liquefacta</strong></span> <span class='ocrx_word' id='word_1_77' title='bbox 728 1005 893 1076; x_wconf 88' lang='lat' dir='ltr'><strong>tepensque</strong></span> <span class='ocrx_word' id='word_1_78' title='bbox 913 999 1011 1059; x_wconf 90' lang='grc'>131333</span> <span class='ocrx_word' id='word_1_79' title='bbox 1030 1001 1107 1060; x_wconf 88' lang='grc'>3331·</span> 
     </span>
    </p>

    <p class='ocr_par' dir='ltr' id='par_1_3' title="bbox 52 1084 1159 1518">
     <span class='ocr_line' id='line_1_11' title="bbox 52 1084 1159 1163; baseline 0.006 -20"><span class='ocrx_word' id='word_1_80' title='bbox 52 1105 76 1142; x_wconf 91' lang='lat' dir='ltr'><strong>1o</strong></span> <span class='ocrx_word' id='word_1_81' title='bbox 90 1084 147 1144; x_wconf 92' lang='lat' dir='ltr'><strong>bus</strong></span> <span class='ocrx_word' id='word_1_82' title='bbox 171 1084 330 1162; x_wconf 91' lang='lat' dir='ltr'><strong>plurimum</strong></span> <span class='ocrx_word' id='word_1_83' title='bbox 355 1085 486 1163; x_wconf 90' lang='lat' dir='ltr'><strong>prodest.</strong></span> <span class='ocrx_word' id='word_1_84' title='bbox 532 1085 612 1146; x_wconf 82' lang='lat' dir='ltr'><strong>Rene</strong></span> <span class='ocrx_word' id='word_1_85' title='bbox 636 1086 705 1146; x_wconf 87' lang='lat' dir='ltr'><strong>lacit</strong></span> <span class='ocrx_word' id='word_1_86' title='bbox 728 1086 784 1146; x_wconf 88' lang='lat' dir='ltr'><strong>boe</strong></span> <span class='ocrx_word' id='word_1_87' title='bbox 808 1087 1057 1149; x_wconf 85' lang='lat' dir='ltr'><strong>medicamentum</strong></span> <span class='ocrx_word' id='word_1_88' title='bbox 1076 1097 1106 1149; x_wconf 90' lang='lat' dir='ltr'><strong>et</strong></span> <span class='ocrx_word' id='word_1_89' title='bbox 1125 1101 1159 1150; x_wconf 84' lang='grc'><strong>33</strong></span> 
     </span>
     <span class='ocr_line' id='line_1_12' title="bbox 90 1172 1105 1238; baseline 0.005 -6"><span class='ocrx_word' id='word_1_90' title='bbox 90 1172 125 1232; x_wconf 83' lang='grc'><strong>31</strong></span> <span class='ocrx_word' id='word_1_91' title='bbox 155 1181 302 1233; x_wconf 89' lang='lat' dir='ltr'><strong>tumorem</strong></span> <span class='ocrx_word' id='word_1_92' title='bbox 335 1183 365 1234; x_wconf 91' lang='lat' dir='ltr'><strong>et</strong></span> <span class='ocrx_word' id='word_1_93' title='bbox 393 1174 428 1234; x_wconf 92' lang='lat' dir='ltr'><strong>ad</strong></span> <span class='ocrx_word' id='word_1_94' title='bbox 457 1174 707 1236; x_wconf 83' lang='lat' dir='ltr'><strong>exulcerationem</strong></span> <span class='ocrx_word' id='word_1_95' title='bbox 739 1177 869 1237; x_wconf 90' lang='lat' dir='ltr'><strong>aurium:</strong></span> <span class='ocrx_word' id='word_1_96' title='bbox 911 1178 995 1236; x_wconf 80' lang='lat' dir='ltr'><strong>dceti</strong></span> <span class='ocrx_word' id='word_1_97' title='bbox 1027 1180 1105 1238; x_wconf 91' lang='lat' dir='ltr'><strong>acris</strong></span> 
     </span>
     <span class='ocr_line' id='line_1_13' title="bbox 90 1261 1104 1344; baseline 0.006 -24"><span class='ocrx_word' id='word_1_98' title='bbox 90 1263 227 1322; x_wconf 84' lang='lat' dir='ltr'><strong>sextariis</strong></span> <span class='ocrx_word' id='word_1_99' title='bbox 247 1261 363 1322; x_wconf 91' lang='lat' dir='ltr'><strong>duobus</strong></span> <span class='ocrx_word' id='word_1_100' title='bbox 382 1264 585 1341; x_wconf 86' lang='lat' dir='ltr'><strong>ineoqnuntur</strong></span> <span class='ocrx_word' id='word_1_101' title='bbox 604 1263 679 1324; x_wconf 87' lang='lat' dir='ltr'><strong>mala</strong></span> <span class='ocrx_word' id='word_1_102' title='bbox 698 1273 818 1341; x_wconf 87' lang='lat' dir='ltr'><strong>granata</strong></span> <span class='ocrx_word' id='word_1_103' title='bbox 838 1264 907 1344; x_wconf 91' lang='lat' dir='ltr'><strong>duo,</strong></span> <span class='ocrx_word' id='word_1_104' title='bbox 926 1264 1036 1343; x_wconf 89' lang='lat' dir='ltr'><strong>quibus</strong></span> <span class='ocrx_word' id='word_1_105' title='bbox 1055 1285 1104 1326; x_wconf 91' lang='grc'><strong>33-</strong></span> 
     </span>
     <span class='ocr_line' id='line_1_14' title="bbox 89 1351 1105 1433; baseline 0.007 -25"><span class='ocrx_word' id='word_1_106' title='bbox 89 1351 173 1409; x_wconf 87' lang='grc'>313311</span> <span class='ocrx_word' id='word_1_107' title='bbox 202 1359 327 1410; x_wconf 86' lang='grc'>3133133</span> <span class='ocrx_word' id='word_1_108' title='bbox 359 1359 389 1411; x_wconf 88' lang='grc'><strong>31</strong></span> <span class='ocrx_word' id='word_1_109' title='bbox 416 1354 485 1429; x_wconf 91' lang='lat' dir='ltr'><strong>quia</strong></span> <span class='ocrx_word' id='word_1_110' title='bbox 513 1370 630 1430; x_wconf 86' lang='lat' dir='ltr'><strong>semper</strong></span> <span class='ocrx_word' id='word_1_111' title='bbox 659 1353 742 1412; x_wconf 87' lang='lat' dir='ltr'><strong>acida</strong></span> <span class='ocrx_word' id='word_1_112' title='bbox 770 1360 841 1413; x_wconf 91' lang='lat' dir='ltr'><strong>sunt</strong></span> <span class='ocrx_word' id='word_1_113' title='bbox 875 1371 930 1413; x_wconf 89' lang='lat' dir='ltr'><strong>nec</strong></span> <span class='ocrx_word' id='word_1_114' title='bbox 963 1372 1105 1433; x_wconf 86' lang='lat' dir='ltr'><strong>umquam</strong></span> 
     </span>
     <span class='ocr_line' id='line_1_15' title="bbox 90 1439 1104 1518; baseline 0.005 -21"><span class='ocrx_word' id='word_1_115' title='bbox 90 1446 303 1518; x_wconf 89' lang='lat' dir='ltr'><strong>maturescunt,</strong></span> <span class='ocrx_word' id='word_1_116' title='bbox 326 1439 414 1499; x_wconf 90' lang='lat' dir='ltr'><strong>rboas</strong></span> <span class='ocrx_word' id='word_1_117' title='bbox 437 1441 519 1500; x_wconf 89' lang='lat' dir='ltr'><strong>oxias</strong></span> <span class='ocrx_word' id='word_1_118' title='bbox 537 1440 609 1502; x_wconf 90' lang='lat' dir='ltr'><strong>baec</strong></span> <span class='ocrx_word' id='word_1_119' title='bbox 628 1440 733 1500; x_wconf 89' lang='lat' dir='ltr'><strong>Graeci</strong></span> <span class='ocrx_word' id='word_1_120' title='bbox 752 1441 863 1502; x_wconf 89' lang='lat' dir='ltr'><strong>dicunt.</strong></span> <span class='ocrx_word' id='word_1_121' title='bbox 902 1440 978 1502; x_wconf 87' lang='lat' dir='ltr'><strong>Tum</strong></span> <span class='ocrx_word' id='word_1_122' title='bbox 997 1443 1104 1504; x_wconf 90' lang='lat' dir='ltr'><strong>deinde</strong></span> 
     </span>
    </p>

    <p class='ocr_par' dir='ltr' id='par_1_4' title="bbox 51 1525 1104 1610">
     <span class='ocr_line' id='line_1_16' title="bbox 51 1525 1104 1610; baseline 0.006 -26"><span class='ocrx_word' id='word_1_123' title='bbox 51 1543 75 1584; x_wconf 82' lang='lat'><strong>15</strong></span> <span class='ocrx_word' id='word_1_124' title='bbox 90 1525 260 1586; x_wconf 88' lang='lat' dir='ltr'><strong>adiciuntur</strong></span> <span class='ocrx_word' id='word_1_125' title='bbox 282 1527 329 1587; x_wconf 90' lang='lat' dir='ltr'><strong>his</strong></span> <span class='ocrx_word' id='word_1_126' title='bbox 353 1535 383 1588; x_wconf 93' lang='lat' dir='ltr'><strong>et</strong></span> <span class='ocrx_word' id='word_1_127' title='bbox 406 1528 607 1588; x_wconf 90' lang='lat' dir='ltr'><strong>admiscentur</strong></span> <span class='ocrx_word' id='word_1_128' title='bbox 631 1528 767 1589; x_wconf 87' lang='lat' dir='ltr'><strong>aluminis</strong></span> <span class='ocrx_word' id='word_1_129' title='bbox 787 1530 848 1588; x_wconf 88' lang='lat' dir='ltr'><strong>tissi</strong></span> <span class='ocrx_word' id='word_1_130' title='bbox 868 1561 910 1572; x_wconf 88' lang='lat'>-</span> <span class='ocrx_word' id='word_1_131' title='bbox 929 1528 965 1610; x_wconf 94' lang='lat' dir='ltr'><strong>ll,</strong></span> <span class='ocrx_word' id='word_1_132' title='bbox 988 1533 1104 1591; x_wconf 87' lang='lat' dir='ltr'><strong>acaciae</strong></span> 
     </span>
    </p>

    <p class='ocr_par' dir='ltr' id='par_1_5' title="bbox 6 1614 1156 2845">
     <span class='ocr_line' id='line_1_17' title="bbox 6 1614 1104 1702; baseline 0.004 -28"><span class='ocrx_word' id='word_1_133' title='bbox 6 1615 7 1702; x_wconf 73' lang='grc'><strong>1</strong></span> <span class='ocrx_word' id='word_1_134' title='bbox 91 1617 157 1675; x_wconf 90' lang='grc'>3331</span> <span class='ocrx_word' id='word_1_135' title='bbox 180 1614 208 1674; x_wconf 93' lang='grc'><strong>11</strong></span> <span class='ocrx_word' id='word_1_136' title='bbox 236 1625 266 1675; x_wconf 89' lang='grc'><strong>31</strong></span> <span class='ocrx_word' id='word_1_137' title='bbox 293 1634 361 1676; x_wconf 89' lang='lat' dir='ltr'><strong>eum</strong></span> <span class='ocrx_word' id='word_1_138' title='bbox 389 1615 464 1676; x_wconf 87' lang='lat' dir='ltr'><strong>bene</strong></span> <span class='ocrx_word' id='word_1_139' title='bbox 492 1619 636 1695; x_wconf 89' lang='lat' dir='ltr'><strong>permixta</strong></span> <span class='ocrx_word' id='word_1_140' title='bbox 665 1617 737 1676; x_wconf 89' lang='lat' dir='ltr'><strong>haec</strong></span> <span class='ocrx_word' id='word_1_141' title='bbox 761 1625 791 1676; x_wconf 93' lang='lat' dir='ltr'><strong>et</strong></span> <span class='ocrx_word' id='word_1_142' title='bbox 814 1620 957 1694; x_wconf 90' lang='lat' dir='ltr'><strong>coagitata</strong></span> <span class='ocrx_word' id='word_1_143' title='bbox 981 1618 1104 1695; x_wconf 89' lang='grc'>1333131,</span> 
     </span>
     <span class='ocr_line' id='line_1_18' title="bbox 6 1704 1104 1786; baseline 0.003 -24"><span class='ocrx_word' id='word_1_144' title='bbox 6 1721 7 1750; x_wconf 40' lang='lat' dir='ltr'><strong>e</strong></span> <span class='ocrx_word' id='word_1_145' title='bbox 90 1705 247 1782; x_wconf 89' lang='lat' dir='ltr'><strong>reponitur</strong></span> <span class='ocrx_word' id='word_1_146' title='bbox 270 1705 517 1764; x_wconf 87' lang='lat' dir='ltr'><strong>medicamentum</strong></span> <span class='ocrx_word' id='word_1_147' title='bbox 540 1708 570 1764; x_wconf 90' lang='lat' dir='ltr'><strong>in</strong></span> <span class='ocrx_word' id='word_1_148' title='bbox 593 1704 719 1782; x_wconf 90' lang='lat' dir='ltr'><strong>ampulla</strong></span> <span class='ocrx_word' id='word_1_149' title='bbox 739 1707 844 1783; x_wconf 85' lang='lat' dir='ltr'><strong>vitrea3</strong></span> <span class='ocrx_word' id='word_1_150' title='bbox 869 1723 936 1765; x_wconf 90' lang='lat' dir='ltr'><strong>cum</strong></span> <span class='ocrx_word' id='word_1_151' title='bbox 956 1724 1031 1783; x_wconf 92' lang='lat' dir='ltr'><strong>opus</strong></span> <span class='ocrx_word' id='word_1_152' title='bbox 1050 1717 1104 1786; x_wconf 90' lang='lat' dir='ltr'><strong>est,</strong></span> 
     </span>
     <span class='ocr_line' id='line_1_19' title="bbox 90 1783 1104 1870; baseline 0.003 -18.77"><span class='ocrx_word' id='word_1_153' title='bbox 90 1793 126 1852; x_wconf 89' lang='lat' dir='ltr'><strong>ad</strong></span> <span class='ocrx_word' id='word_1_154' title='bbox 155 1801 302 1853; x_wconf 90' lang='lat' dir='ltr'><strong>tumorem</strong></span> <span class='ocrx_word' id='word_1_155' title='bbox 331 1783 535 1870; x_wconf 70' lang='lat' dir='ltr'><strong>calidumper</strong></span> <span class='ocrx_word' id='word_1_156' title='bbox 559 1792 703 1869; x_wconf 88' lang='lat' dir='ltr'><strong>strigilem</strong></span> <span class='ocrx_word' id='word_1_157' title='bbox 727 1793 896 1854; x_wconf 84' lang='lat' dir='ltr'><strong>infunditur</strong></span> <span class='ocrx_word' id='word_1_158' title='bbox 919 1802 949 1853; x_wconf 90' lang='lat' dir='ltr'><strong>et</strong></span> <span class='ocrx_word' id='word_1_159' title='bbox 972 1794 1104 1854; x_wconf 82' lang='lat' dir='ltr'><strong>foramen</strong></span> 
     </span>
     <span class='ocr_line' id='line_1_20' title="bbox 90 1879 1103 1959; baseline 0.002 -19"><span class='ocrx_word' id='word_1_160' title='bbox 90 1898 238 1941; x_wconf 89' lang='lat' dir='ltr'><strong>summum</strong></span> <span class='ocrx_word' id='word_1_161' title='bbox 267 1881 417 1940; x_wconf 87' lang='lat' dir='ltr'><strong>auriculae</strong></span> <span class='ocrx_word' id='word_1_162' title='bbox 445 1880 509 1940; x_wconf 90' lang='grc'>1333</span> <span class='ocrx_word' id='word_1_163' title='bbox 539 1880 641 1940; x_wconf 84' lang='grc'>333113</span> <span class='ocrx_word' id='word_1_164' title='bbox 669 1882 794 1959; x_wconf 88' lang='lat' dir='ltr'><strong>tegitur,</strong></span> <span class='ocrx_word' id='word_1_165' title='bbox 827 1881 862 1940; x_wconf 90' lang='lat' dir='ltr'><strong>ad</strong></span> <span class='ocrx_word' id='word_1_166' title='bbox 893 1879 976 1940; x_wconf 91' lang='lat' dir='ltr'><strong>ulcus</strong></span> <span class='ocrx_word' id='word_1_167' title='bbox 1004 1890 1103 1942; x_wconf 90' lang='lat' dir='ltr'><strong>antem</strong></span> 
     </span>
     <span class='ocr_line' id='line_1_21' title="bbox 50 1968 1103 2047; baseline 0.003 -20"><span class='ocrx_word' id='word_1_168' title='bbox 50 1969 228 2047; x_wconf 80' lang='lat' dir='ltr'><strong>refrigidins</strong></span> <span class='ocrx_word' id='word_1_169' title='bbox 256 1970 438 2029; x_wconf 88' lang='lat' dir='ltr'><strong>medicamen</strong></span> <span class='ocrx_word' id='word_1_170' title='bbox 467 1987 521 2047; x_wconf 90' lang='lat' dir='ltr'><strong>per</strong></span> <span class='ocrx_word' id='word_1_171' title='bbox 548 1968 681 2028; x_wconf 88' lang='lat' dir='ltr'><strong>eiusdem</strong></span> <span class='ocrx_word' id='word_1_172' title='bbox 710 1971 828 2046; x_wconf 88' lang='lat' dir='ltr'><strong>generis</strong></span> <span class='ocrx_word' id='word_1_173' title='bbox 854 1968 950 2028; x_wconf 86' lang='lat' dir='ltr'><strong>lanam</strong></span> <span class='ocrx_word' id='word_1_174' title='bbox 973 1978 1003 2030; x_wconf 91' lang='lat' dir='ltr'><strong>et</strong></span> <span class='ocrx_word' id='word_1_175' title='bbox 1026 1972 1103 2030; x_wconf 89' lang='lat' dir='ltr'><strong>auri-</strong></span> 
     </span>
     <span class='ocr_line' id='line_1_22' title="bbox 90 2056 1156 2136; baseline 0.003 -19"><span class='ocrx_word' id='word_1_176' title='bbox 90 2057 234 2136; x_wconf 89' lang='lat' dir='ltr'><strong>scalpium</strong></span> <span class='ocrx_word' id='word_1_177' title='bbox 248 2059 378 2118; x_wconf 88' lang='lat' dir='ltr'><strong>inicitur.</strong></span> <span class='ocrx_word' id='word_1_178' title='bbox 409 2057 494 2118; x_wconf 80' lang='lat' dir='ltr'><strong>Aliud</strong></span> <span class='ocrx_word' id='word_1_179' title='bbox 510 2056 758 2119; x_wconf 91' lang='lat' dir='ltr'><strong>medicamentum</strong></span> <span class='ocrx_word' id='word_1_180' title='bbox 774 2057 809 2117; x_wconf 90' lang='lat' dir='ltr'><strong>ad</strong></span> <span class='ocrx_word' id='word_1_181' title='bbox 824 2065 971 2117; x_wconf 90' lang='lat' dir='ltr'><strong>tumorem</strong></span> <span class='ocrx_word' id='word_1_182' title='bbox 986 2063 1102 2120; x_wconf 89' lang='lat' dir='ltr'><strong>aurium</strong></span> <span class='ocrx_word' id='word_1_183' title='bbox 1122 2071 1156 2120; x_wconf 82' lang='grc'><strong>33</strong></span> 
     </span>
     <span class='ocr_line' id='line_1_23' title="bbox 90 2144 1103 2224; baseline 0.001 -19"><span class='ocrx_word' id='word_1_184' title='bbox 90 2153 120 2205; x_wconf 89' lang='grc'><strong>31</strong></span> <span class='ocrx_word' id='word_1_185' title='bbox 143 2145 407 2206; x_wconf 84' lang='lat' dir='ltr'><strong>exulcerationem:</strong></span> <span class='ocrx_word' id='word_1_186' title='bbox 430 2145 524 2204; x_wconf 90' lang='lat' dir='ltr'><strong>Mellis</strong></span> <span class='ocrx_word' id='word_1_187' title='bbox 544 2145 640 2224; x_wconf 86' lang='lat' dir='ltr'><strong>cyathi</strong></span> <span class='ocrx_word' id='word_1_188' title='bbox 660 2144 708 2224; x_wconf 94' lang='lat' dir='ltr'><strong>lll,</strong></span> <span class='ocrx_word' id='word_1_189' title='bbox 727 2147 804 2206; x_wconf 89' lang='lat' dir='ltr'><strong>aceti</strong></span> <span class='ocrx_word' id='word_1_190' title='bbox 825 2147 902 2206; x_wconf 89' lang='lat' dir='ltr'><strong>acris</strong></span> <span class='ocrx_word' id='word_1_191' title='bbox 916 2145 1039 2224; x_wconf 79' lang='lat' dir='ltr'><strong>cyathus</strong></span> <span class='ocrx_word' id='word_1_192' title='bbox 1055 2145 1103 2206; x_wconf 90' lang='lat' dir='ltr'><strong>lS</strong></span> 
     </span>
     <span class='ocr_line' id='line_1_24' title="bbox 88 2233 1103 2316; baseline 0.002 -23"><span class='ocrx_word' id='word_1_193' title='bbox 88 2236 262 2316; x_wconf 88' lang='lat' dir='ltr'><strong>miscentur,</strong></span> <span class='ocrx_word' id='word_1_194' title='bbox 281 2244 384 2313; x_wconf 90' lang='lat' dir='ltr'><strong>postea</strong></span> <span class='ocrx_word' id='word_1_195' title='bbox 403 2235 530 2294; x_wconf 90' lang='lat' dir='ltr'><strong>adicitur</strong></span> <span class='ocrx_word' id='word_1_196' title='bbox 549 2235 612 2311; x_wconf 89' lang='lat' dir='ltr'><strong>gari</strong></span> <span class='ocrx_word' id='word_1_197' title='bbox 631 2235 735 2312; x_wconf 89' lang='lat' dir='ltr'><strong>optimi</strong></span> <span class='ocrx_word' id='word_1_198' title='bbox 752 2233 875 2312; x_wconf 82' lang='lat' dir='ltr'><strong>cyathus</strong></span> <span class='ocrx_word' id='word_1_199' title='bbox 891 2252 977 2312; x_wconf 93' lang='grc'>3333,</span> <span class='ocrx_word' id='word_1_200' title='bbox 997 2234 1103 2295; x_wconf 92' lang='lat' dir='ltr'><strong>deinde</strong></span> 
     </span>
     <span class='ocr_line' id='line_1_25' title="bbox 89 2321 1103 2401; baseline 0.002 -19"><span class='ocrx_word' id='word_1_201' title='bbox 89 2321 269 2382; x_wconf 87' lang='lat' dir='ltr'><strong>carbonibus</strong></span> <span class='ocrx_word' id='word_1_202' title='bbox 297 2325 481 2401; x_wconf 85' lang='lat' dir='ltr'><strong>inferveseit,</strong></span> <span class='ocrx_word' id='word_1_203' title='bbox 510 2325 595 2382; x_wconf 92' lang='lat' dir='ltr'><strong>cuius</strong></span> <span class='ocrx_word' id='word_1_204' title='bbox 624 2340 728 2400; x_wconf 89' lang='lat' dir='ltr'><strong>spuma</strong></span> <span class='ocrx_word' id='word_1_205' title='bbox 754 2340 881 2400; x_wconf 89' lang='lat' dir='ltr'><strong>surgens</strong></span> <span class='ocrx_word' id='word_1_206' title='bbox 908 2322 1031 2401; x_wconf 91' lang='lat' dir='ltr'><strong>pinnula</strong></span> <span class='ocrx_word' id='word_1_207' title='bbox 1054 2323 1103 2384; x_wconf 87' lang='lat' dir='ltr'><strong>ab·</strong></span> 
     </span>
     <span class='ocr_line' id='line_1_26' title="bbox 50 2410 1102 2490; baseline 0.007 -24"><span class='ocrx_word' id='word_1_208' title='bbox 50 2413 179 2470; x_wconf 71' lang='lat' dir='ltr'><strong>coicitur</strong></span> <span class='ocrx_word' id='word_1_209' title='bbox 203 2419 233 2470; x_wconf 89' lang='grc'><strong>31</strong></span> <span class='ocrx_word' id='word_1_210' title='bbox 256 2421 316 2471; x_wconf 90' lang='lat' dir='ltr'><strong>tam</strong></span> <span class='ocrx_word' id='word_1_211' title='bbox 339 2411 390 2472; x_wconf 93' lang='lat' dir='ltr'><strong>diu</strong></span> <span class='ocrx_word' id='word_1_212' title='bbox 410 2413 548 2490; x_wconf 89' lang='lat' dir='ltr'><strong>coquitur</strong></span> <span class='ocrx_word' id='word_1_213' title='bbox 568 2410 613 2470; x_wconf 92' lang='lat' dir='ltr'><strong>vel</strong></span> <span class='ocrx_word' id='word_1_214' title='bbox 631 2413 767 2490; x_wconf 87' lang='lat' dir='ltr'><strong>agitatur,</strong></span> <span class='ocrx_word' id='word_1_215' title='bbox 791 2411 885 2471; x_wconf 88' lang='lat' dir='ltr'><strong>donee</strong></span> <span class='ocrx_word' id='word_1_216' title='bbox 903 2410 1010 2472; x_wconf 89' lang='lat' dir='ltr'><strong>habeat</strong></span> <span class='ocrx_word' id='word_1_217' title='bbox 1029 2415 1102 2490; x_wconf 86' lang='lat' dir='ltr'><strong>spis·</strong></span> 
     </span>
     <span class='ocr_line' id='line_1_27' title="bbox 89 2499 1101 2581; baseline 0.002 -23"><span class='ocrx_word' id='word_1_218' title='bbox 89 2499 262 2560; x_wconf 90' lang='lat' dir='ltr'><strong>situdinem:</strong></span> <span class='ocrx_word' id='word_1_219' title='bbox 286 2500 342 2559; x_wconf 91' lang='lat' dir='ltr'><strong>hoc</strong></span> <span class='ocrx_word' id='word_1_220' title='bbox 366 2499 460 2559; x_wconf 89' lang='lat' dir='ltr'><strong>calido</strong></span> <span class='ocrx_word' id='word_1_221' title='bbox 484 2499 519 2558; x_wconf 93' lang='lat' dir='ltr'><strong>ad</strong></span> <span class='ocrx_word' id='word_1_222' title='bbox 544 2507 701 2578; x_wconf 88' lang='lat' dir='ltr'><strong>tumorem,</strong></span> <span class='ocrx_word' id='word_1_223' title='bbox 725 2500 832 2577; x_wconf 78' lang='lat' dir='ltr'><strong>frigido</strong></span> <span class='ocrx_word' id='word_1_224' title='bbox 855 2500 891 2560; x_wconf 88' lang='lat' dir='ltr'><strong>ad</strong></span> <span class='ocrx_word' id='word_1_225' title='bbox 916 2499 1010 2581; x_wconf 89' lang='grc'>31333,</span> <span class='ocrx_word' id='word_1_226' title='bbox 1034 2519 1101 2562; x_wconf 90' lang='lat' dir='ltr'><strong>cnm</strong></span> 
     </span>
     <span class='ocr_line' id='line_1_28' title="bbox 88 2587 1153 2668; baseline 0.002 -22"><span class='ocrx_word' id='word_1_227' title='bbox 88 2587 252 2666; x_wconf 87' lang='lat' dir='ltr'><strong>oportebit,</strong></span> <span class='ocrx_word' id='word_1_228' title='bbox 281 2589 383 2648; x_wconf 90' lang='lat' dir='ltr'><strong>uteris.</strong></span> <span class='ocrx_word' id='word_1_229' title='bbox 429 2588 502 2648; x_wconf 88' lang='lat' dir='ltr'><strong>ltem</strong></span> <span class='ocrx_word' id='word_1_230' title='bbox 532 2587 606 2646; x_wconf 91' lang='lat' dir='ltr'><strong>bene</strong></span> <span class='ocrx_word' id='word_1_231' title='bbox 631 2587 701 2648; x_wconf 89' lang='grc'>13311</span> <span class='ocrx_word' id='word_1_232' title='bbox 724 2587 796 2648; x_wconf 88' lang='lat' dir='ltr'><strong>haec</strong></span> <span class='ocrx_word' id='word_1_233' title='bbox 821 2590 986 2668; x_wconf 87' lang='lat' dir='ltr'><strong>conpositio</strong></span> <span class='ocrx_word' id='word_1_234' title='bbox 1012 2591 1153 2648; x_wconf 77' lang='grc'>31133331</span> 
     </span>
     <span class='ocr_line' id='line_1_29' title="bbox 88 2675 1100 2754; baseline 0.003 -20"><span class='ocrx_word' id='word_1_235' title='bbox 88 2675 125 2735; x_wconf 86' lang='lat' dir='ltr'><strong>ad</strong></span> <span class='ocrx_word' id='word_1_236' title='bbox 150 2685 279 2736; x_wconf 89' lang='lat' dir='ltr'><strong>veterem</strong></span> <span class='ocrx_word' id='word_1_237' title='bbox 304 2677 420 2736; x_wconf 82' lang='grc'>3331331</span> <span class='ocrx_word' id='word_1_238' title='bbox 445 2676 590 2736; x_wconf 87' lang='lat' dir='ltr'><strong>dolorem:</strong></span> <span class='ocrx_word' id='word_1_239' title='bbox 617 2675 761 2736; x_wconf 79' lang='lat' dir='ltr'><strong>Aluminis</strong></span> <span class='ocrx_word' id='word_1_240' title='bbox 786 2677 816 2736; x_wconf 92' lang='lat' dir='ltr'><strong>P.</strong></span> <span class='ocrx_word' id='word_1_241' title='bbox 840 2676 865 2754; x_wconf 90' lang='lat' dir='ltr'><strong>l,</strong></span> <span class='ocrx_word' id='word_1_242' title='bbox 892 2676 988 2738; x_wconf 89' lang='lat' dir='ltr'><strong>mellis</strong></span> <span class='ocrx_word' id='word_1_243' title='bbox 1012 2678 1042 2737; x_wconf 92' lang='lat' dir='ltr'><strong>P.</strong></span> <span class='ocrx_word' id='word_1_244' title='bbox 1065 2677 1100 2737; x_wconf 92' lang='lat' dir='ltr'><strong>ll.</strong></span> 
     </span>
     <span class='ocr_line' id='line_1_30' title="bbox 88 2763 1100 2845; baseline 0.002 -23"><span class='ocrx_word' id='word_1_245' title='bbox 88 2763 168 2824; x_wconf 88' lang='lat' dir='ltr'><strong>Haec</strong></span> <span class='ocrx_word' id='word_1_246' title='bbox 196 2767 227 2824; x_wconf 91' lang='lat' dir='ltr'><strong>in</strong></span> <span class='ocrx_word' id='word_1_247' title='bbox 255 2767 396 2824; x_wconf 88' lang='lat' dir='ltr'><strong>mortario</strong></span> <span class='ocrx_word' id='word_1_248' title='bbox 424 2767 509 2842; x_wconf 93' lang='lat' dir='ltr'><strong>prius</strong></span> <span class='ocrx_word' id='word_1_249' title='bbox 537 2763 613 2824; x_wconf 91' lang='lat' dir='ltr'><strong>bene</strong></span> <span class='ocrx_word' id='word_1_250' title='bbox 637 2767 812 2843; x_wconf 88' lang='lat' dir='ltr'><strong>permisceri</strong></span> <span class='ocrx_word' id='word_1_251' title='bbox 835 2774 965 2845; x_wconf 90' lang='lat' dir='ltr'><strong>oportet,</strong></span> <span class='ocrx_word' id='word_1_252' title='bbox 994 2765 1100 2826; x_wconf 90' lang='lat' dir='ltr'><strong>deiude</strong></span> 
     </span>
    </p>

    <p class='ocr_par' dir='ltr' id='par_1_6' title="bbox 47 2851 1153 3286">
     <span class='ocr_line' id='line_1_31' title="bbox 47 2851 1100 2933; baseline 0.005 -26"><span class='ocrx_word' id='word_1_253' title='bbox 47 2868 72 2907; x_wconf 84' lang='lat' dir='ltr'><strong>eo</strong></span> <span class='ocrx_word' id='word_1_254' title='bbox 87 2851 145 2910; x_wconf 91' lang='lat' dir='ltr'><strong>olla</strong></span> <span class='ocrx_word' id='word_1_255' title='bbox 165 2871 239 2914; x_wconf 88' lang='lat' dir='ltr'><strong>nova</strong></span> <span class='ocrx_word' id='word_1_256' title='bbox 258 2855 392 2933; x_wconf 87' lang='lat' dir='ltr'><strong>excoqui,</strong></span> <span class='ocrx_word' id='word_1_257' title='bbox 411 2853 505 2913; x_wconf 89' lang='lat' dir='ltr'><strong>donee</strong></span> <span class='ocrx_word' id='word_1_258' title='bbox 524 2852 651 2914; x_wconf 87' lang='lat' dir='ltr'><strong>babeant</strong></span> <span class='ocrx_word' id='word_1_259' title='bbox 665 2853 761 2918; x_wconf 85' lang='lat' dir='ltr'><strong>mellis</strong></span> <span class='ocrx_word' id='word_1_260' title='bbox 776 2853 1013 2932; x_wconf 68' lang='lat' dir='ltr'><strong>spissitudinem</strong></span> <span class='ocrx_word' id='word_1_261' title='bbox 1032 2871 1100 2914; x_wconf 92' lang='lat' dir='ltr'><strong>cum</strong></span> 
     </span>
     <span class='ocr_line' id='line_1_32' title="bbox 88 2940 1100 3020; baseline 0.001 -20"><span class='ocrx_word' id='word_1_262' title='bbox 88 2959 165 3019; x_wconf 89' lang='lat' dir='ltr'><strong>epus</strong></span> <span class='ocrx_word' id='word_1_263' title='bbox 185 2951 239 3020; x_wconf 88' lang='lat' dir='ltr'><strong>est,</strong></span> <span class='ocrx_word' id='word_1_264' title='bbox 257 2941 425 3001; x_wconf 78' lang='lat' dir='ltr'><strong>infunditur</strong></span> <span class='ocrx_word' id='word_1_265' title='bbox 444 2943 475 3000; x_wconf 93' lang='lat' dir='ltr'><strong>in</strong></span> <span class='ocrx_word' id='word_1_266' title='bbox 493 2941 655 3002; x_wconf 88' lang='lat' dir='ltr'><strong>auriculam</strong></span> <span class='ocrx_word' id='word_1_267' title='bbox 675 2959 710 3000; x_wconf 85' lang='lat' dir='ltr'><strong>ex</strong></span> <span class='ocrx_word' id='word_1_268' title='bbox 730 2940 795 3000; x_wconf 89' lang='grc'>1333</span> <span class='ocrx_word' id='word_1_269' title='bbox 810 2941 993 3019; x_wconf 77' lang='lat' dir='ltr'><strong>conchyliata</strong></span> <span class='ocrx_word' id='word_1_270' title='bbox 1007 2959 1100 3020; x_wconf 86' lang='lat' dir='ltr'><strong>eaque</strong></span> 
     </span>
     <span class='ocr_line' id='line_1_33' title="bbox 87 3028 1100 3110; baseline -0.001 -21"><span class='ocrx_word' id='word_1_271' title='bbox 87 3029 251 3110; x_wconf 81' lang='lat' dir='ltr'><strong>clauditur3</strong></span> <span class='ocrx_word' id='word_1_272' title='bbox 273 3029 330 3090; x_wconf 89' lang='lat' dir='ltr'><strong>boe</strong></span> <span class='ocrx_word' id='word_1_273' title='bbox 350 3039 379 3090; x_wconf 92' lang='lat' dir='ltr'><strong>et</strong></span> <span class='ocrx_word' id='word_1_274' title='bbox 398 3028 576 3090; x_wconf 88' lang='lat' dir='ltr'><strong>conbustum</strong></span> <span class='ocrx_word' id='word_1_275' title='bbox 599 3030 696 3089; x_wconf 91' lang='lat' dir='ltr'><strong>locum</strong></span> <span class='ocrx_word' id='word_1_276' title='bbox 720 3047 825 3088; x_wconf 91' lang='lat' dir='ltr'><strong>sanum</strong></span> <span class='ocrx_word' id='word_1_277' title='bbox 846 3029 944 3089; x_wconf 89' lang='lat' dir='ltr'><strong>reddit</strong></span> <span class='ocrx_word' id='word_1_278' title='bbox 967 3031 1031 3089; x_wconf 91' lang='lat' dir='ltr'><strong>sine</strong></span> <span class='ocrx_word' id='word_1_279' title='bbox 1051 3029 1100 3090; x_wconf 94' lang='lat' dir='ltr'><strong>do-</strong></span> 
     </span>
     <span class='ocr_line' id='line_1_34' title="bbox 86 3117 1153 3198; baseline 0.001 -21"><span class='ocrx_word' id='word_1_280' title='bbox 86 3118 150 3178; x_wconf 91' lang='lat' dir='ltr'><strong>lore</strong></span> <span class='ocrx_word' id='word_1_281' title='bbox 175 3127 205 3178; x_wconf 92' lang='lat' dir='ltr'><strong>et</strong></span> <span class='ocrx_word' id='word_1_282' title='bbox 228 3121 292 3176; x_wconf 87' lang='lat' dir='ltr'><strong>sine</strong></span> <span class='ocrx_word' id='word_1_283' title='bbox 316 3121 467 3198; x_wconf 88' lang='lat' dir='ltr'><strong>cicatrice,</strong></span> <span class='ocrx_word' id='word_1_284' title='bbox 493 3121 518 3176; x_wconf 93' lang='lat' dir='ltr'><strong>si</strong></span> <span class='ocrx_word' id='word_1_285' title='bbox 542 3121 569 3176; x_wconf 90' lang='lat' dir='ltr'><strong>ei</strong></span> <span class='ocrx_word' id='word_1_286' title='bbox 592 3119 728 3196; x_wconf 92' lang='lat' dir='ltr'><strong>protinus</strong></span> <span class='ocrx_word' id='word_1_287' title='bbox 755 3119 923 3196; x_wconf 90' lang='lat' dir='ltr'><strong>inponatur.</strong></span> <span class='ocrx_word' id='word_1_288' title='bbox 971 3117 1003 3176; x_wconf 91' lang='lat' dir='ltr'><strong>Si</strong></span> <span class='ocrx_word' id='word_1_289' title='bbox 1030 3135 1099 3177; x_wconf 90' lang='lat' dir='ltr'><strong>caro</strong></span> <span class='ocrx_word' id='word_1_290' title='bbox 1119 3129 1153 3178; x_wconf 85' lang='lat'><strong>38</strong></span> 
     </span>
     <span class='ocr_line' id='line_1_35' title="bbox 87 3205 1100 3286; baseline -0.001 -21"><span class='ocrx_word' id='word_1_291' title='bbox 87 3207 255 3266; x_wconf 89' lang='lat' dir='ltr'><strong>excreverit</strong></span> <span class='ocrx_word' id='word_1_292' title='bbox 277 3207 308 3266; x_wconf 94' lang='lat' dir='ltr'><strong>in</strong></span> <span class='ocrx_word' id='word_1_293' title='bbox 332 3206 475 3266; x_wconf 78' lang='lat' dir='ltr'><strong>foramine</strong></span> <span class='ocrx_word' id='word_1_294' title='bbox 499 3208 588 3286; x_wconf 90' lang='lat' dir='ltr'><strong>auris,</strong></span> <span class='ocrx_word' id='word_1_295' title='bbox 614 3208 817 3284; x_wconf 91' lang='lat' dir='ltr'><strong>conprimetur</strong></span> <span class='ocrx_word' id='word_1_296' title='bbox 837 3207 900 3266; x_wconf 90' lang='lat' dir='ltr'><strong>sine</strong></span> <span class='ocrx_word' id='word_1_297' title='bbox 925 3205 1026 3266; x_wconf 89' lang='lat' dir='ltr'><strong>dolore</strong></span> <span class='ocrx_word' id='word_1_298' title='bbox 1050 3212 1100 3264; x_wconf 88' lang='lat' dir='ltr'><strong>aut</strong></span> 
     </span>
    </p>
   </div>
   <div class='ocr_carea' id='block_1_3' title="bbox 89 3405 1098 3552">
    <p class='ocr_par' dir='ltr' id='par_1_7' title="bbox 89 3405 1098 3552">
     <span class='ocr_line' id='line_1_36' title="bbox 162 3405 1098 3481; baseline -0.004 -17"><span class='ocrx_word' id='word_1_299' title='bbox 162 3417 176 3464; x_wconf 91' lang='lat'>1</span> <span class='ocrx_word' id='word_1_300' title='bbox 195 3410 320 3466; x_wconf 85' lang='lat' dir='ltr'><strong>auricula</strong></span> <span class='ocrx_word' id='word_1_301' title='bbox 339 3411 368 3464; x_wconf 84' lang='lat' dir='ltr'><strong>et</strong></span> <span class='ocrx_word' id='word_1_302' title='bbox 385 3427 519 3464; x_wconf 85' lang='lat' dir='ltr'><strong>umorem.</strong></span> <span class='ocrx_word' id='word_1_303' title='bbox 628 3417 643 3465; x_wconf 89' lang='grc'><strong>6</strong></span> <span class='ocrx_word' id='word_1_304' title='bbox 662 3411 728 3481; x_wconf 82' lang='lat' dir='ltr'><strong>hae]</strong></span> <span class='ocrx_word' id='word_1_305' title='bbox 749 3411 826 3464; x_wconf 86' lang='lat' dir='ltr'><strong>haee.</strong></span> <span class='ocrx_word' id='word_1_306' title='bbox 936 3413 951 3461; x_wconf 77' lang='lat'><strong>&#39;1</strong></span> <span class='ocrx_word' id='word_1_307' title='bbox 970 3405 1098 3460; x_wconf 86' lang='lat' dir='ltr'><strong>ferreum.</strong></span> 
     </span>
     <span class='ocr_line' id='line_1_37' title="bbox 89 3480 893 3552; baseline -0.004 -18"><span class='ocrx_word' id='word_1_308' title='bbox 89 3488 122 3536; x_wconf 78' lang='lat'><strong>12</strong></span> <span class='ocrx_word' id='word_1_309' title='bbox 141 3480 337 3548; x_wconf 84' lang='lat' dir='ltr'><strong>inqnocuntnr.</strong></span> <span class='ocrx_word' id='word_1_310' title='bbox 410 3481 542 3552; x_wconf 76' lang='grc'>3113311]</span> <span class='ocrx_word' id='word_1_311' title='bbox 563 3480 654 3536; x_wconf 85' lang='grc'>133113.</span> <span class='ocrx_word' id='word_1_312' title='bbox 728 3480 893 3534; x_wconf 75' lang='grc'>3011311331.</span> 
     </span>
    </p>
   </div>
   <div class='ocr_carea' id='block_1_4' title="bbox 141 3571 939 3632">
    <p class='ocr_par' dir='ltr' id='par_1_8' title="bbox 141 3571 939 3632">
     <span class='ocr_line' id='line_1_38' title="bbox 141 3571 939 3632; baseline -0.003 -12"><span class='ocrx_word' id='word_1_313' title='bbox 141 3581 303 3632; x_wconf 75' lang='grc'>1133333333,</span> <span class='ocrx_word' id='word_1_314' title='bbox 318 3591 356 3620; x_wconf 77' lang='lat' dir='ltr'><strong>nn.</strong></span> <span class='ocrx_word' id='word_1_315' title='bbox 371 3580 526 3620; x_wconf 80' lang='lat' dir='ltr'><strong>Hnnnrnxrcrr.</strong></span> <span class='ocrx_word' id='word_1_316' title='bbox 925 3571 939 3618; x_wconf 81' lang='grc'><strong>7</strong></span> 
     </span>
    </p>
   </div>
   <div class='ocr_carea' id='block_1_5' title="bbox 0 0 1286 3794">
    <p class='ocr_par' dir='ltr' id='par_1_9' title="bbox 0 0 1286 3794">
     <span class='ocr_line' id='line_1_39' title="bbox 0 0 1286 3794; baseline 0 3"><span class='ocrx_word' id='word_1_317' title='bbox 0 0 1286 3794; x_wconf 95' lang='lat' dir='ltr'><strong> </strong></span> 
     </span>
    </p>
   </div>
  </div>
 </body>
</html>
