2564 3794
543 123 782 186 -124-

155 288 230 346 cinis
257 285 392 364 prodest,
422 287 448 345 si
475 303 510 344 eo
539 285 643 345 dentes
671 286 859 346 intricentur.
900 282 1023 344 Vermes
1046 284 1169 364 terreni,

101 389 134 436 31
155 375 184 436 id
209 383 255 435 est
278 373 426 454 lumbrici,
450 373 567 434 decocti
589 375 620 433 13
644 373 708 434 3133
732 381 763 433 33
784 374 850 432 33131
871 372 1072 432 infunduntur
1090 373 1169 431 auri·

155 463 239 524 culae
262 461 299 522 ab
323 481 356 522 ea
379 473 478 542 parte,
506 480 562 540 qua
586 461 691 522 dentes
715 461 830 541 doleut3
858 461 1022 521 eorundem
1051 470 1169 520 exusto-

154 571 222 612 rum
245 553 389 612 vermium
414 553 488 611 cinis
512 549 652 610 dentibus
675 553 754 612 cavis
777 549 825 611 vel
847 548 1019 610 dolentibus
1037 551 1170 609 insertus

155 651 186 707 et
213 659 281 701 cera
310 649 432 718 opertus
460 639 546 699 facile
575 639 681 699 cadere
711 657 762 699 eos
790 641 883 718 cogit,
915 637 1042 698 conburi
1070 645 1197 697 autems

155 729 265 790 debent
287 737 364 790 testa
387 727 534 788 candenti.
572 728 715 788 Ossorum
739 746 775 787 ex
799 725 918 806 ungulis
943 728 1076 805 porcinis
1100 743 1171 786 con·

102 832 136 879 33
156 819 313 879 bustorum
338 819 414 878 cinis
441 835 496 896 pro
511 815 695 876 'dentifricio
723 815 842 876 habitus
870 814 1033 893 plurimum
1063 814 1172 875 333113-

155 907 270 968 maudis
294 905 434 966 dentibus
457 904 588 984 prodest.
628 905 673 964 hd
697 904 802 964 dentes
826 921 912 964 cavos
936 913 1104 977 33333333,
1133 921 1172 962 33

103 1008 136 1056 33
156 998 275 1074 penitus
295 995 459 1054 credantur
477 1002 528 1054 aut
547 993 693 1074 excidant,
712 993 803 1052 133133
822 991 893 1053 hoe:
917 991 1072 1072 Gummeu,
1092 991 1173 1070 quod

155 1088 187 1144 iu
209 1083 320 1143 hedera
343 1083 485 1160 nascitur,
509 1100 578 1142 cavo
598 1080 680 1141 denti
698 1083 831 1140 inserite.
863 1079 1021 1156 llarenula‚
1045 1098 1120 1158 quae
1141 1082 1214 1140 1313

103 1184 137 1232 34
157 1170 265 1232 3331313
283 1172 443 1248 invenitur,
458 1169 545 1254 denti
564 1188 634 1230 cavo
654 1179 684 1230 et
702 1169 814 1229 dolenti
832 1170 945 1228 inserta
962 1170 1062 1229 statim
1081 1168 1172 1246 prod-

157 1268 211 1320 est.
253 1257 399 1318 Gummeu
427 1260 562 1336 cupressi
590 1260 701 1336 optime
729 1257 813 1336 facit,
841 1260 867 1317 si
893 1259 1041 1318 insertum
1065 1257 1113 1317 die
1139 1275 1174 1316 ac

103 1360 137 1408 33
156 1357 244 1408 33333
267 1349 298 1406 13
322 1364 393 1406 3333
417 1345 505 1406 dente
525 1347 731 1424 permanserit.
765 1345 805 1406 Ut
823 1344 955 1406 labantes
975 1345 1081 1406 dentes
1101 1363 1174 1406 con·

103 1450 137 1498 33
157 1437 267 1516 1133133,
287 1435 419 1515 cedrum,
439 1453 497 1512 quo
517 1433 585 1494 libri
604 1444 822 1514 perunguntur,
840 1435 872 1494 in
891 1453 943 1495 ore
959 1453 1048 1513 quam
1067 1435 1175 1494 diutis-
1258 1511 1259 1518 ¹

129 1562 132 1567 -
157 1526 231 1584 sime
256 1534 323 1584 tene
347 1531 377 1584 et
401 1522 526 1583 subinde
551 1526 701 1583 recentius
721 1525 844 1603 sumit03
867 1541 927 1582 uon
947 1522 1043 1584 solum
1066 1523 1175 1583 dentes
1189 1541 1214 1582 15
1258 1529 1259 1598 1

157 1612 356 1692 confirmabis,
374 1630 479 1672 verum
498 1613 587 1672 etiam
607 1611 739 1672 dolorem
758 1629 862 1672 eorum
884 1621 1010 1672 avertes.
1048 1610 1175 1690 Saepiae
1258 1605 1259 1630 ¹

104 1715 137 1762 37
158 1721 191 1762 os
214 1701 261 1762 vel
283 1703 379 1781 ipsius
408 1699 581 1761 combustae
610 1710 698 1760 etex
722 1699 809 1760 133113
833 1702 978 1760 contritae
1001 1699 1099 1778 pulvis
1123 1701 1175 1760 ad-

158 1794 234 1852 iecta
257 1799 341 1869 gutta
364 1791 539 1850 ammoniaci
562 1790 688 1867 gingivis
712 1798 742 1848 et
765 1787 905 1848 dentibus
926 1788 1058 1867 prodest,
1082 1790 1107 1848 si
1131 1791 1176 1849 ita

159 1881 367 1958 perfriceutur,
390 1887 425 1939 ut
448 1897 484 1939 ex
508 1897 542 1938 eo
566 1877 641 1938 nihil
663 1880 693 1937 iu
718 1879 819 1936 lauces
837 1876 1006 1938 descendat.
1043 1876 1176 1955 Caprino
1258 1871 1259 1952 j

104 1980 137 2028 33
158 1969 233 2030 13333
252 1970 368 2028 3333331
386 1969 465 2028 31333
483 1966 612 2027 mulsum
631 1967 722 2026 133313
741 1985 774 2025 33
793 1965 915 2026 adsidue
935 1965 1078 2026 collutum
1092 1964 1174 2025 labo·
1190 1986 1216 2024 33
1258 1971 1259 2008 3

158 2066 259 2118 rantes
290 2075 326 2117 33
354 2058 416 2116 1333
445 2056 549 2116 dentes
578 2055 742 2116 confirmat.
788 2053 920 2114 Lentisci
950 2055 1067 2114 decocti
1096 2073 1175 2133 aqua

105 2157 137 2204 33
158 2149 236 2208 intra
264 2164 298 2205 33
322 2145 495 2222 frequenter
519 2143 639 2204 detenta
662 2143 767 2204 dentes
790 2143 958 2223 confirmat,
986 2143 1066 2202 idem
1088 2161 1176 2222 prae-

159 2243 217 2294 stat
240 2234 374 2312 asparagi
393 2231 519 2291 silvatici
538 2249 642 2307 333113,
665 2231 744 2292 idem
764 2240 793 2292 et
812 2232 992 2292 omlacinum
1011 2231 1119 2312 oleum,
1142 2233 1175 2292 id

159 2329 206 2382 333
231 2320 343 2381 bunum
371 2319 479 2398 viride,
508 2321 534 2378 si
562 2319 690 2380 calidum
718 2323 750 2380 13
778 2338 830 2380 333
858 2329 1009 2400 33333333;
1037 2318 1118 2380 idem
1143 2331 1175 2381 et

158 2408 239 2469 inula
267 2427 284 2468 a
311 2409 412 2467 ieiuno
441 2408 682 2468 commanducata
711 2407 881 2486 praestabit.
923 2407 962 2468 Ut
987 2407 1119 2469 labantes
1143 2421 1175 2471 et
1189 2427 1215 2466 33

105 2509 140 2556 43
160 2497 294 2558 dolentes
309 2495 414 2556 dentes
424 2495 509 2556 133113
524 2499 665 2576 33333133,
681 2516 785 2557 sucum
800 2497 928 2558 hederae
943 2498 1045 2576 nigrae
1058 2497 1174 2558 adiecto

159 2583 285 2664 pausillo
309 2583 367 2644 olei
391 2583 493 2643 viridis
516 2584 623 2644 habeto
648 2588 811 2664 repositum
836 2605 870 2646 ac
893 2593 1115 2666 praeparatum,
1139 2595 1175 2647 ut

159 2692 228 2734 cum
248 2691 323 2752 opus
337 2673 429 2732 fuerit
447 2690 534 2732 33333
554 2691 590 2732 33
610 2691 644 2732 33
665 2677 819 2752 contingas
837 2674 929 2752 digito
949 2673 995 2734 vel
1013 2675 1174 2755 perfrices3

160 2781 218 2841 quo
248 2761 325 2822 facto
355 2762 493 2840 spiritum
522 2760 703 2839 aliquamdiu
726 2765 890 2822 introrsum
919 2763 1035 2842 3331133,
1065 2762 1173 2823 deinde

160 2849 272 2911 calculo
297 2849 435 2910 dentibus
460 2850 665 2928 conprehensa
689 2851 783 2910 hianti
807 2869 858 2910 ore
883 2869 1017 2910 umorem
1044 2869 1172 2932 omnem,
1187 2869 1213 2910 33

161 2940 267 3017 quiex
287 2940 392 3016 pituita
412 2947 583 2998 contractus
603 2940 669 3018 erit,
692 2938 823 2998 defluere
846 2941 1016 3017 permittes3
1039 2939 1174 2999 infinitus

161 3030 239 3087 enim
255 3026 394 3087 decurret
408 3045 505 3106 usque
524 3027 560 3087 ad
580 3029 671 3087 trium
689 3027 877 3088 heminarum
895 3046 1073 3088 mensuram.
1101 3025 1174 3087 Post

161 3115 240 3194 quod
260 3115 324 3175 oleo
344 3134 420 3193 puro
441 3115 563 3176 naribus
585 3116 727 3194 perfricto
747 3123 777 3176 et
796 3118 863 3176 vino
884 3134 935 3176 ore
955 3115 1048 3176 diluto
1069 3116 1173 3176 dentes

161 3207 225 3266 sine
249 3203 350 3265 dolore
374 3213 463 3265 erunt
486 3212 516 3264 et
539 3205 623 3264 133113
648 3203 849 3265 extrahentur.
887 3204 931 3263 Ad
951 3205 1079 3282 epiloras
1103 3204 1173 3264 deu·
1258 3235 1259 3242 .

106 3296 234 3354 attium
264 3301 295 3354 33
322 3294 474 3374 pituitam,
503 3295 528 3352 si
555 3295 586 3352 iu
610 3293 714 3354 dentes
738 3293 889 3372 inciderit,
918 3310 1006 3370 quam
1030 3293 1174 3372 epiloram
1187 3309 1213 3351 33
1258 3317 1259 3324 ¹

232 3479 419 3533 1313333333.
493 3483 527 3530 23
547 3478 729 3531 omlacenum.
802 3476 894 3547 3]3(1.
964 3483 997 3536 33
1017 3479 1077 3547 333]
1098 3497 1137 3535 os.
