2528 3814
476 151 717 216 -307-

89 313 173 392 cypri
197 312 223 372 X
240 311 303 392 Illl,
326 313 432 393 hysopi
450 313 475 372 X
494 313 557 393 llll,
579 313 661 392 pulei
680 313 706 373 X
724 313 787 394 llll,
810 314 979 392 petrosilini
998 313 1101 395 Xllll,

88 400 224 462 holisatri
247 401 272 460 X
291 401 353 482 llll,
377 402 464 463 dauci
483 401 508 462 X
527 401 573 483 Vl,
597 404 656 481 apii
678 403 800 462 seminis
819 401 845 463 X
864 401 911 483 Vl,
933 405 1101 482 pastInaoae

90 491 212 550 seminis
231 489 256 549 X
275 489 320 572 Vl,
344 491 466 552 feniculi
485 493 607 552 seminis
626 491 651 550 X
670 490 716 572 Vl,
739 491 855 552 arotelli
874 493 996 552 seminis
1015 491 1102 574 XVI,

90 577 194 639 alterci
213 580 334 640 seminis
352 579 378 638 X
398 579 443 659 Vl,
464 582 578 641 urticae
598 582 719 640 seminis
738 579 763 638 X
782 579 828 660 VI,
851 580 961 640 radicis
979 583 1010 640 in
1030 599 1103 641 cena

61 684 165 746 aquae
193 667 390 729 manducatur
418 671 540 729 seminis
568 668 656 749 XX,
689 667 813 729 balsami
840 671 962 729 seminis
990 668 1103 750 XIIII,

89 755 232 836 cachryos
256 757 377 818 seminis
400 755 426 816 X
449 757 518 838 llll,
547 759 609 818 ervi
634 756 693 817 albi
716 758 827 818 tarinae
850 756 876 816 X
899 756 966 838 llll,
990 759 1102 838 piperis

89 843 149 904 albi
171 844 261 924 XVI,
285 847 397 924 piperis
421 846 502 924 longi
519 845 545 906 X
564 845 610 927 Vl,
634 847 714 906 carei
733 845 758 906 X
777 845 823 926 Vl,
846 853 931 907 rutae
953 846 1102 907 silvaticae

88 935 211 994 seminis
234 933 346 1016 XIIII,
373 933 513 995 bacarum
536 935 614 995 lauri
636 933 731 1014 XVI,
760 937 868 994 amomi
891 933 989 1013 XIII,
1013 934 1101 995 malo·

87 1021 188 1082 bathri
210 1021 236 1082 X
254 1022 300 1104 Vl,
323 1040 439 1103 myrrae
464 1023 489 1082 X
507 1022 553 1103 Vl,
576 1025 652 1084 turis
672 1022 697 1082 X
716 1021 762 1104 Vl,
785 1025 881 1084 casiae
905 1022 930 1082 X
948 1021 993 1104 Vl,
1017 1023 1103 1084 nardi

47 1128 73 1168 ro
89 1109 227 1190 Syriacae
250 1110 276 1170 X
298 1110 334 1192 X,
358 1113 439 1172 croci
462 1111 487 1172 X
510 1111 572 1192 Xll,
597 1111 719 1172 schoeni
742 1111 825 1172 [loris
848 1110 874 1171 X
896 1110 969 1192 VIII,
994 1111 1102 1172 saliun-

12 1193 13 1198 ’
88 1217 140 1260 cae
159 1198 185 1258 X
203 1198 276 1280 VIII,
300 1201 375 1260 costi
395 1199 484 1281 XVI,
508 1203 562 1261 iris
580 1200 713 1280 illyricae
733 1199 758 1260 X
777 1199 837 1282 Vll,
861 1201 989 1260 cinnami
1011 1199 1036 1260 X
1056 1200 1101 1282 Vl,

88 1288 147 1348 olai
169 1287 346 1368 amygdalini
374 1287 399 1348 X
427 1288 467 1370 X,
495 1288 676 1368 opobalsami
702 1287 728 1348 X
754 1287 816 1350 llll.
862 1289 1044 1350 'funduntur
1072 1297 1102 1350 et

88 1376 258 1438 cribrantur
286 1397 361 1457 quae
388 1380 420 1438 in
442 1377 596 1456 pulverem
618 1377 779 1456 redigenda
803 1385 881 1459 sunt,
907 1380 1102 1439 remittuntur

88 1464 247 1542 diligenter
275 1485 351 1544 quae
378 1466 536 1527 mollienda
564 1475 634 1527 sunt
660 1467 771 1546 omnia,
799 1466 887 1526 datur
909 1468 992 1545 potio
1015 1469 1101 1526 nucis

46 1569 73 1611 15
88 1551 236 1613 avellanae
263 1555 467 1632 magnitudine
496 1573 532 1614 ex
559 1554 670 1635 mulso,
699 1553 938 1614 febricitantibus
966 1573 1036 1613 vero
1065 1572 1101 1614 ex

87 1660 164 1721 aqua
183 1641 289 1722 calida3
313 1641 349 1702 ad
373 1643 538 1720 auriginem
562 1660 680 1720 quoque
704 1650 733 1702 et
757 1641 793 1702 ad
818 1643 1002 1720 serpentium
1024 1659 1101 1702 mor·

88 1748 139 1791 sus
162 1730 220 1791 hoc
243 1729 409 1790 antidotum
433 1731 504 1790 satis
527 1729 600 1790 utile
624 1738 677 1790 est.

178 1818 276 1878 Colice
286 1817 371 1879 bassi
384 1819 518 1900 mirifica,
533 1837 607 1898 quae
622 1818 744 1898 prodest
759 1819 823 1878 sine
833 1819 988 1898 sopitione,
999 1817 1101 1878 eadem
1121 1831 1153 1880 12

87 1908 200 1968 ventris
220 1914 304 1967 sanat
322 1909 392 1968 vitia
411 1909 517 1990 omnia,
541 1907 611 1967 iacit
635 1907 719 1968 etad
739 1905 889 1968 difliciIem
909 1907 1101 1985 spIrationem

45 2015 72 2055 ao
88 2003 119 2056 et
141 1995 177 2056 ad
196 1997 330 2056 internos
352 1995 478 2077 doloreS,
502 1996 659 2057 coniicitur
684 1998 740 2057 sic:
762 1994 973 2074 Mandragorae
992 1995 1101 2056 radicis

12 2129 13 2168 ,
88 2086 149 2146 sive
170 2087 290 2146 corticis
310 2084 335 2144 X
353 2083 399 2166 Vl,
422 2085 496 2145 rhus
516 2085 630 2164 Syriaci
648 2083 674 2143 X
692 2083 740 2165 Vl,
759 2085 889 2144 cinnami
908 2083 933 2144 X
951 2082 997 2166 Vl,
1020 2086 1102 2144 acori

87 2173 113 2233 X
136 2171 187 2254 Vl,
216 2173 366 2235 brassicae
395 2175 517 2235 seminis
545 2171 644 2256 XVI,
673 2175 748 2234 costi
771 2172 796 2232 X
819 2171 870 2254 Vl,
897 2172 982 2233 iridis
1006 2172 1031 2232 X
1055 2171 1100 2252 Vl,

87 2264 200 2341 piperis
223 2263 304 2343 longi
327 2261 353 2322 X
371 2262 417 2346 VI,
440 2265 552 2343 piperis
576 2261 634 2323 albi
657 2261 683 2322 X
701 2260 748 2343 Vl,
771 2263 885 2324 cicutae
909 2263 974 2322 suci
993 2260 1018 2320 X
1038 2260 1100 2340 Xll,

87 2353 266 2431 opopanacis
285 2351 310 2411 X
329 2350 389 2432 Vll,
408 2351 576 2412 stoechadis
595 2350 621 2410 X
640 2349 727 2431 Vllll,
747 2351 834 2412 dauci
850 2350 961 2411 Cretici
974 2349 999 2409 X
1014 2349 1100 2430 Vllll,

47 2457 73 2498 25
87 2442 146 2500 mei
170 2439 195 2498 X
215 2438 300 2501 Vllll.
341 2440 480 2501 Phoebus
503 2439 657 2520 adiciebat,
679 2447 714 2500 ut
737 2447 841 2501 auctor
863 2439 988 2499 remedii
1010 2437 1100 2499 huius

14 2582 17 2591 .
87 2529 193 2608 refert,
216 2547 331 2609 myrrae
360 2528 385 2590 X
408 2529 459 2611 Vl,
488 2531 549 2607 opii
571 2527 597 2588 X
620 2527 671 2610 Vl,
699 2531 777 2589 asari
804 2527 830 2587 X
854 2526 944 2608 Vllll,
972 2529 1101 2588 castorei

14 2596 17 2649 ¹
86 2615 112 2676 X
136 2615 221 2678 Vllll.
263 2617 392 2678 Contusa
415 2618 489 2678 haec
513 2625 542 2678 et
566 2616 689 2678 criblata
712 2619 877 2678 miscentur
900 2623 931 2676 et
954 2634 990 2677 ex
1012 2615 1099 2676 melle

15 2662 17 2733 l
87 2704 268 2782 colliguntur
296 2706 521 2785 diligentissime
549 2707 688 2766 universa
717 2713 805 2786 atque
834 2724 869 2766 ex
892 2705 949 2765 hoc
972 2705 1099 2765 medica·

15 2802 17 2861 ζ
86 2802 186 2854 mento
211 2801 355 2872 quantum
378 2813 439 2854 nux
458 2793 586 2855 avellana
606 2802 651 2855 est
674 2793 761 2856 datur
783 2813 851 2855 cum
871 2793 984 2873 cyathis
1002 2793 1099 2853 tribus

16 2866 18 2895 ¹
46 2908 72 2948 so
87 2901 180 2962 aquae
196 2881 315 2963 calidae,
333 2882 385 2943 sed
398 2891 466 2961 post
480 2883 593 2964 cibum3
612 2885 711 2944 leluno
727 2885 805 2944 enim
820 2901 880 2944 non
895 2889 1012 2962 oportet
1027 2881 1099 2942 dari.

175 2971 240 3032 Coli
263 2971 395 3032 dolorem
419 2979 547 3053 avertes,
576 2975 601 3032 si
629 2972 665 3033 de
693 2972 871 3034 lacertarum
895 2971 997 3032 caudis
1021 2988 1099 3030 sum·
1119 2981 1151 3028 13

17 3092 18 3103 κ
85 3062 218 3121 mitatem
245 3060 350 3121 tuleris
379 3068 409 3121 et
434 3077 506 3121 auro
529 3059 688 3120 incluseris
716 3069 746 3120 et
773 3061 910 3140 ligaveris
933 3061 1013 3119 circa
1036 3075 1099 3117 um·

85 3149 208 3210 bilicum
236 3157 287 3210 aut
314 3151 341 3210 si
368 3149 404 3209 de
433 3156 511 3210 reste
538 3157 671 3209 ventrem
695 3149 952 3226 circumcinxeris,
980 3146 1017 3206 de
1041 3163 1099 3224 qua

177 3309 193 3357 3
213 3301 336 3374 arohelli]
355 3301 477 3358 trodelli.
572 3307 588 3356 5
607 3300 819 3355 manducantur.
915 3304 930 3352 6
950 3297 1097 3368 cachryos]

86 3373 207 3429 cuchari.
281 3373 425 3428 9mirrae.
500 3378 533 3428 10
552 3371 655 3427 scoeni.
717 3377 748 3425 11
768 3369 912 3425 illiriacae.
969 3373 1001 3422 12
1021 3385 1098 3438 amy-

86 3443 196 3516 gdalini
215 3446 328 3514 scripsi:
345 3444 510 3516 magdalini.
615 3450 647 3498 13
667 3443 789 3514 pulvere.
890 3445 923 3496 18
944 3439 1097 3510 sopobione.

85 3521 119 3572 25
138 3516 205 3587 mei]
226 3514 283 3570 mii.
358 3521 391 3571 33
411 3514 662 3574 circumcinxerint.

883 3599 938 3656 20*
