2636 3790
581 101 795 167 —m-

182 265 266 325 lauro
294 267 424 343 incocta3
457 282 516 342 quo
551 272 685 343 tempore
713 267 801 325 etiam
830 273 1101 327 sternutamentum
1129 286 1197 327 con-

184 356 275 414 citare
308 371 368 413 non
401 351 528 412 alienum
553 355 611 414 erit
637 353 694 413 hoc
722 353 950 434 medicamento,
980 356 1058 434 quod
1087 375 1122 416 ex
1150 355 1197 416 bis

182 442 274 503 rebus
294 441 486 520 conponitur:
510 439 627 502 Veratri
646 441 713 522 albi,
737 443 873 523 castorei,
898 443 1027 525 struthii,
1052 445 1130 524 quod
1153 455 1198 506 est

182 531 266 592 radix
289 529 414 610 lanaria,
436 531 549 608 piperis
573 529 645 611 albi,
673 530 858 610 singulorum
883 529 908 590 ll
932 532 1073 610 singulos.
1119 532 1198 594 llaec

183 627 307 681 contusa
335 621 467 678 tenuiter
494 618 590 680 forato
619 618 719 679 cribro
747 621 1001 702 transmittantur3
1030 640 1098 682 cum
1122 638 1226 702 opusc
1278 693 1279 698 γ

184 709 288 787 fuerit,
316 725 370 786 per
393 709 514 784 pinnam
544 716 595 768 aut
623 707 767 769 calamum
791 710 984 787 scriptorium
1007 710 1129 772 naribus
1153 714 1197 771 in·
1278 715 1279 738 ³

184 796 342 858 sufflentur
370 795 416 856 vel
445 795 567 876 specillo
596 799 690 858 tincto
720 799 751 857 in
774 816 850 877 aqua
874 807 904 858 et
927 816 1053 859 excusso
1076 799 1199 862 naribus

183 888 355 946 iniciuntur.
395 883 533 946 Proderit
556 893 656 946 autem
679 886 714 946 ad
739 893 1010 949 sternutamentum
1033 891 1121 950 etiam
1145 908 1199 967 per

184 993 216 1036 se
245 982 404 1036 contusum
431 982 461 1035 et
484 973 586 1035 eadem
610 977 725 1036 ratione
748 977 893 1036 iniectum
916 984 1066 1036 veratrum
1091 976 1199 1060 album,

183 1063 314 1142 linguam
338 1064 417 1122 enim
442 1065 550 1124 siccam
571 1070 600 1124 et
619 1063 731 1124 aridam
750 1065 927 1125 sternutatio
946 1067 1046 1125 statim
1065 1067 1240 1128 inundat1o

131 1161 163 1212 11
184 1151 294 1230 Capitis
318 1151 450 1212 dolorem
475 1154 608 1231 quamvis
628 1160 758 1213 veterem
778 1160 808 1212 et
826 1151 1042 1214 intolerabilem
1060 1157 1199 1234 protinus

183 1240 261 1302 tollit
289 1249 319 1302 et
337 1241 368 1300 in
398 1249 576 1320 perpetuum
604 1241 748 1301 remediat
771 1243 896 1319 torpedo
920 1243 1005 1320 nigra
1028 1245 1092 1303 viva
1115 1246 1199 1323 inpo-

184 1331 240 1390 sita
268 1331 296 1390 ei
323 1328 402 1409 loco,
431 1331 483 1409 qui
511 1333 542 1391 in
572 1329 673 1390 dolore
703 1338 761 1408 est,
791 1330 885 1391 donee
914 1329 1030 1390 desinat
1058 1331 1142 1392 dolor
1170 1341 1201 1394 et

184 1418 373 1498 obtorpescat
396 1435 431 1476 ea
449 1436 533 1498 pars3
557 1418 636 1498 quod
656 1419 873 1497 cumprimum
892 1421 1021 1479 senserit
1040 1423 1091 1499 qui
1111 1420 1200 1502 dolet,

183 1515 371 1568 removeatur
403 1507 582 1587 remedium,
616 1525 654 1567 ne
686 1523 792 1566 sensus
821 1507 974 1568 auferatur
1002 1509 1067 1568 eius
1096 1513 1198 1588 partis
1214 1527 1242 1568 ra

184 1595 290 1658 Plures
319 1603 418 1656 autem
445 1595 593 1673 parandae
621 1602 692 1656 sunt
714 1594 886 1673 torpedines
915 1597 1049 1657 eiusdem
1073 1603 1201 1680 generis,

184 1687 253 1765 quia
280 1701 503 1762 nonnumquam
532 1686 580 1744 vix
608 1684 644 1745 ad
668 1683 742 1744 duas
770 1690 868 1744 tresve
891 1685 1053 1763 respondet
1076 1691 1201 1770 curatio,

131 1783 164 1832 12
183 1775 214 1835 id
238 1782 284 1835 est
307 1781 420 1853 torpor,
444 1773 523 1852 quod
548 1776 666 1852 signum
689 1780 736 1832 est
758 1773 988 1834 remediationis.
1026 1774 1070 1834 Ad
1095 1778 1201 1855 capitis

184 1862 316 1923 dolorem
345 1863 456 1922 factum
480 1880 516 1922 ex
540 1863 713 1942 perustione
737 1861 859 1940 prodest
882 1879 967 1923 rosae
991 1862 1086 1924 bonae
1110 1884 1201 1926 sucus

183 1952 301 2012 infusus
325 1952 424 2031 capiti,
448 1950 500 2010 sed
524 1969 593 2011 cum
616 1970 688 2012 suco
713 1949 749 2010 de
768 1951 860 2010 moris
879 1951 955 2012 lacto
975 1953 1041 2030 pari
1059 1971 1199 2015 mensura
1216 1970 1244 2011 ro

133 2055 165 2104 13
184 2041 323 2101 admixto.
360 2039 403 2098 Ad
431 2041 536 2117 capitis
560 2039 692 2100 dolorem
716 2039 826 2098 lactum
850 2057 886 2099 ex
909 2041 1104 2118 perfrictione
1128 2045 1201 2104 satis

184 2129 306 2208 prodest
323 2127 443 2187 oleum
435 2129 547 2186 irinum
561 2145 629 2186 cum
645 2125 775 2203 serpullo
790 2133 820 2185 et
834 2129 941 2206 exiguo
956 2138 1040 2190 aceto
1055 2130 1201 2214 infusum3

184 2219 278 2295 magis
293 2222 401 2294 autem,
416 2216 442 2274 si
456 2223 507 2274 aut
520 2213 605 2273 iridis
619 2215 704 2274 radix
713 2221 764 2274 aut
773 2215 937 2292 peucedani
948 2236 1038 2279 sucus
1048 2219 1201 2324 prioribus

184 2304 332 2364 admixtus
356 2303 454 2362 fuerit.
491 2301 618 2362 Prodest
641 2311 671 2363 et
689 2309 757 2362 ruta
776 2321 844 2364 cum
863 2303 955 2365 oleo
947 2310 1024 2368 irino
1045 2315 1074 2367 et
1093 2311 1201 2388 exiguo
1278 2341 1279 2378 r

184 2400 268 2453 aceto
289 2399 373 2452 cocta
397 2398 427 2450 et
450 2390 549 2468 tepide
568 2391 665 2451 inlusa
685 2393 774 2469 capiti
793 2409 848 2452 nec
868 2395 966 2454 minus
985 2405 1113 2474 prosunt
1132 2399 1202 2459 solia
1216 2413 1243 2454 2⁵
1278 2391 1279 2456 l

184 2481 261 2542 lauri
284 2499 353 2540 cum
375 2481 453 2538 irino
478 2478 542 2539 oleo
567 2486 596 2540 et
618 2483 724 2558 exiguo
744 2487 828 2540 aceto
848 2483 917 2542 trita
936 2491 967 2544 et
985 2485 1083 2546 inlusa
1102 2490 1201 2566 capiti

134 2583 167 2632 14
186 2570 230 2630 Ad
255 2571 360 2648 capitis
385 2567 516 2628 dolorem
540 2568 650 2629 factum
674 2587 711 2630 ex
734 2572 801 2630 vino
823 2571 915 2630 nimio
935 2583 1061 2649 prosunt
1081 2576 1201 2653 quidem
1278 2545 1279 2624 l

186 2667 215 2720 et
239 2677 282 2739 ea,
306 2675 381 2737 quae
404 2657 532 2717 diximus
556 2657 702 2735 prolicere
726 2658 762 2718 ad
782 2661 886 2736 capitis
906 2659 1038 2722 dolorem
1058 2681 1093 2723 ex
1112 2682 1201 2742 peru-

185 2749 281 2808 stione
305 2747 428 2806 lactum.
452 2754 578 2824 prosunt
601 2753 631 2805 et
654 2753 739 2807 rutae
763 2745 830 2806 solia
852 2750 922 2808 trita
946 2767 1015 2810 cum
1034 2759 1127 2832 aceto,
1151 2753 1200 2813 ad·
1278 2741 1279 2842 l

184 2838 275 2896 mixta
299 2837 343 2894 eis
366 2851 482 2914 rosa‚e
467 2841 612 2894 etnuces
634 2853 749 2896 amarae
769 2835 873 2896 eodem
892 2838 987 2898 modo.
1026 2837 1152 2902 Faciunt
1171 2847 1279 2904 etoo

185 2927 254 3003 agni
277 2923 355 3004 lolia,
380 2940 454 3001 quae
478 2925 675 2983 nascuntur
666 2942 696 2983 ιο
722 2923 866 3006 virgultis,
891 2925 999 3004 quibus
1019 2927 1125 2989 Graeci
1144 2949 1199 3009 pro

185 3011 344 3072 viminibus
373 3017 500 3071 utuntur
534 3010 696 3091 eademque
722 3011 806 3092 lygus
830 3013 991 3097 appellant,
1019 3035 1087 3077 cum
1115 3017 1201 3079 iridis
1278 3029 1279 3036 ’

133 3114 166 3164 15
186 3101 285 3162 aridae
309 3100 408 3160 radice
432 3101 503 3159 trita
524 3101 616 3161 mixta
640 3103 683 3160 eis
707 3120 774 3162 rosa
794 3110 882 3181 atque
903 3112 994 3164 aceto.
1031 3105 1075 3165 Ad
1095 3109 1201 3185 capitis

185 3189 316 3250 dolorem
346 3188 457 3248 laetum
485 3205 521 3248 ex
544 3189 606 3248 ictu
630 3199 681 3250 aut
704 3208 775 3251 casu
799 3208 814 3250 e
839 3190 958 3251 sublimi
987 3193 1109 3270 prodest
1132 3214 1201 3256 rosa

255 3321 417 3394 astruthii]
436 3323 572 3392 pyrethri.
624 3325 777 3394 ispicillo.
830 3331 862 3380 13
882 3325 985 3382 dolore.
1055 3335 1088 3382 16
1106 3331 1201 3401 turpe·
1278 3329 1279 3346 l

184 3396 271 3451 dines.
330 3400 361 3450 19
381 3394 579 3465 perustionem.
635 3401 668 3450 29
687 3395 761 3452 irita.
817 3402 849 3450 31
869 3395 960 3452 hoeni.
1012 3403 1047 3453 34
1065 3401 1115 3454 cub
1134 3417 1200 3456 cusu

183 3484 267 3524 eota.
