2636 3790
502 136 717 201 „53-

101 301 201 360 ciatim
230 305 397 376 repertum:
429 297 534 358 Cretae
563 297 677 359 Samiae
705 298 790 359 XXI
798 347 807 381 ,
835 303 895 380 opii
923 301 949 361 X
973 300 1011 384 X,
1044 301 1114 363 stibi
1169 315 1182 335 ¹*

100 387 126 449 X
148 386 213 468 XL,
237 389 363 448 cummis
387 385 413 446 X
436 385 498 468 XX,
522 387 601 447 aloes
625 386 651 446 X
673 387 709 470 X,
732 395 872 450 teruntur
896 389 968 450 haec
992 400 1021 452 ct
1045 410 1113 452 con-

99 478 243 537 iiciuntur
264 494 298 535 ex
319 493 394 554 aqua
412 475 540 554 pluviali.
578 475 748 558 Collyrium,
767 476 847 555 quod
866 477 970 539 habuit
989 479 1112 542 Cosmus
1133 491 1166 542 14
1264 468 1269 476 ¹

28 597 29 604 ξ
99 565 234 625 medicus
256 566 335 624 inter
359 582 474 646 arcana,
497 565 656 625 mirificum
680 565 715 626 ad
740 567 838 626 omnia
857 566 1011 627 oculorum
1030 571 1112 630 vitia:

73 654 224 714 shcaciae
243 652 268 712 X
287 652 347 733 XL,
371 671 493 731 spumae
517 655 632 731 argenti
655 656 742 714 tritae
766 653 841 714 bene
862 663 892 715 et
910 654 994 736 lotae,
1018 655 1113 717 donec

97 741 307 803 candidissima
331 749 361 801 et
384 740 530 801 levissima
554 743 617 822 liat,
643 741 669 802 X
693 741 759 820 Xll,
786 742 900 821 plumbi
924 745 984 804 usti
1007 753 1037 804 et
1060 743 1114 805 loti

97 831 122 890 X
136 829 202 889 XVl
206 878 215 912 ,
237 829 318 890 stibii
333 828 357 889 X
373 828 421 910 Xl,
443 837 542 890 cretae
562 830 676 890 Samiae
692 831 717 890 X
731 829 799 912 Xll,
818 849 956 892 cerussae
972 831 996 892 X
1011 831 1113 913 XVlll,

97 937 245 981 cornuum
273 920 463 979 corvinorum
490 926 627 979 ustorum
656 926 686 980 et
709 919 838 980 lotorum
862 921 941 998 quod
965 923 1022 981 erit
1046 939 1112 981 can·

96 1008 285 1068 didissimum
303 1007 329 1066 X
348 1006 425 1087 Vlll,
445 1025 583 1085 squamae
604 1009 682 1067 aeris
696 1006 722 1067 X
736 1007 803 1086 llll,
823 1010 884 1087 opii
902 1008 1009 1090 Xllll,
1028 1027 1112 1070 aeru-

60 1115 83 1156 1o
96 1099 176 1176 ginis
199 1114 283 1156 rasae
302 1094 328 1155 X
347 1094 411 1176 Vll,
435 1095 614 1156 cardamomi
637 1099 779 1157 interiora
803 1095 827 1156 X
852 1097 891 1178 ll,
915 1097 1021 1177 lapidis
1044 1097 1112 1158 bae-

95 1187 208 1246 matitis
228 1184 253 1244 X
272 1184 338 1266 llll,
361 1184 466 1262 lapidis
485 1185 548 1244 fissi
566 1183 591 1244 X
610 1183 677 1266 llll,
696 1187 852 1246 tamaricac
872 1189 994 1247 seminis
1009 1185 1034 1246 X
1049 1185 1112 1266 llll,

96 1276 178 1334 croci
197 1272 304 1353 Xllll,
324 1275 400 1333 turis
420 1271 527 1356 Xllll,
546 1291 665 1334 murrae
685 1273 792 1355 Xllll,
811 1274 993 1353 opobalsami
1007 1274 1032 1336 X
1047 1274 1111 1354 llll,

94 1363 164 1441 lycii
188 1360 214 1420 X
237 1361 305 1442 llll,
333 1360 412 1422 aloes
437 1361 462 1420 X
485 1360 551 1442 llll,
575 1364 650 1422 costi
669 1361 694 1422 X
717 1361 784 1444 llll,
808 1366 920 1442 piperis
944 1363 1003 1424 albi
1027 1363 1052 1424 X
1075 1363 1111 1444 ll,

94 1453 212 1510 cicutae
243 1452 308 1510 suci
335 1449 411 1509 aridi
437 1449 463 1509 X
491 1449 569 1529 Vlll,
601 1453 776 1512 ammoniaci
804 1459 954 1530 guttarum
984 1450 1009 1511 X
1037 1450 1110 1532 Vlll,

56 1559 80 1598 1s
93 1538 222 1599 bidellae
241 1537 267 1599 X
285 1537 363 1618 Vlll,
387 1538 536 1599 saliuncae
559 1546 701 1617 purgatae
721 1538 746 1599 X
764 1538 814 1620 Vl,
833 1543 960 1601 cummis
979 1539 1004 1600 X
1023 1539 1110 1600 XXV.

94 1626 250 1687 Teruntur
276 1627 349 1687 haec
378 1629 474 1688 omnia
503 1626 661 1706 diligenter
688 1647 725 1688 ex
752 1631 820 1688 vino
844 1628 916 1689 Chio
945 1647 1005 1688 non
1034 1628 1110 1688 salso

94 1723 216 1796 austero
245 1715 290 1776 vel
318 1734 353 1776 err
383 1717 449 1775 vino
472 1714 598 1776 Falerno
622 1735 655 1777 ac
679 1715 786 1777 deinde
810 1717 967 1778 confestim
991 1715 1111 1794 collyria

93 1805 250 1883 finguntur
273 1812 303 1864 et
325 1806 356 1864 in
379 1803 485 1864 umbra
504 1806 664 1880 siccantur,
687 1805 765 1882 quod
785 1805 869 1865 etde
889 1805 953 1865 aliis
972 1803 1110 1864 omnibus

93 1891 227 1972 collyriis
252 1892 404 1953 observari
426 1899 553 1972 oportet.
600 1891 760 1971 Collyrium
784 1893 965 1954 acharistum
988 1892 1162 1953 theodo-15

53 2000 78 2040 so
92 1984 169 2043 tium
193 1981 230 2042 ab
248 1982 395 2060 Antigono
418 1983 571 2043 inventum
590 1980 626 2041 ad
645 1998 763 2040 omnem
783 1980 954 2060 epiphoram
974 1988 1004 2041 et
1023 1999 1109 2040 omnc

92 2073 200 2132 vitium
225 2069 388 2150 oculorum,
412 2073 520 2149 accipit
543 2070 629 2130 haec:
652 2069 775 2130 heaciae
794 2069 819 2130 X
839 2067 901 2150 XX,
925 2068 1010 2130 stibis
1029 2068 1055 2129 X
1074 2067 1109 2150 X,

92 2161 175 2221 croci
203 2157 229 2218 X
252 2158 265 2218 l
290 2158 323 2240 S,
351 2158 430 2220 aloes
458 2158 484 2218 X
507 2157 547 2238 ll,
574 2177 693 2220 murrae
718 2157 742 2217 X
765 2157 804 2240 ss,
832 2157 963 2219 cadmiae
988 2157 1013 2218 X
1037 2156 1109 2239 Vlll,

92 2250 223 2308 castorei
246 2249 393 2308 victoriati
416 2247 490 2308 duas
513 2250 616 2308 tertias
641 2255 749 2327 partos,
772 2249 833 2327 opii
851 2245 877 2306 X
896 2246 917 2326 l,
940 2245 1009 2326 lycii
1029 2245 1055 2308 X
1073 2246 1108 2328 ll,

91 2339 172 2397 aeris
201 2339 262 2397 usti
290 2335 316 2396 X
340 2335 419 2417 Vlll,
448 2354 586 2397 cerussae
615 2335 640 2396 X
663 2334 730 2415 llll,
758 2336 843 2397 nardi
872 2337 970 2415 spicae
995 2335 1019 2396 X
1042 2335 1055 2396 l
1079 2343 1109 2396 et

54 2427 199 2486 solertias
224 2427 301 2503 eius,
325 2427 453 2486 cummis
475 2424 501 2484 X
521 2423 587 2506 XX,
615 2424 779 2502 palmarum
802 2443 868 2485 ossa
897 2427 958 2485 sive
987 2424 1109 2486 nucleos

90 2521 178 2573 ustos
201 2512 228 2572 X
250 2511 345 2594 XXX,
372 2516 442 2574 trita
466 2513 538 2574 haec
561 2532 597 2574 ex
620 2531 695 2592 aqua
718 2511 876 2591 pluviatica
900 2513 1107 2574 coniiciuntur.

90 2601 297 2662 Moncmerum
321 2601 475 2681 collyrium
499 2602 618 2684 dicitur,
641 2601 720 2680 quod
740 2601 856 2663 dolores
875 2604 907 2662 in
927 2603 1031 2681 inpetu
1051 2609 1107 2662 sta·
1129 2610 1161 2661 to

90 2692 146 2751 tim
171 2690 258 2772 tollit,
282 2691 440 2752 coniicitur
464 2692 522 2751 sic:
552 2689 680 2768 Lepidae
702 2723 738 2734 —
760 2690 782 2771 l,
806 2693 883 2751 aeris
907 2692 967 2751 usti
991 2708 1107 2751 semun-

90 2782 179 2860 ciam,
202 2778 369 2840 haematitis
388 2811 431 2822 -
451 2778 477 2859 l,
500 2797 616 2858 myrrae
631 2777 715 2858 -1,
738 2781 799 2858 opii
818 2780 1008 2860 semunciam,
1027 2797 1107 2839 cum·

52 2885 75 2924 oo
90 2870 149 2928 mis
179 2869 374 2929 semunciam:
404 2886 497 2928 unum
524 2867 582 2928 hoc
610 2867 764 2947 collyrium
786 2867 962 2928 mirabiliter
986 2867 1108 2946 prodest

89 2957 148 3035 his,
178 2958 231 3035 qui
253 2958 408 3017 cicatrices
432 2974 491 3016 non
515 2955 676 3036 habebunt,
700 2974 736 3016 ex
764 2973 818 3015 ovo
841 2957 974 3016 inlusum
998 2965 1028 3017 et
1050 2955 1107 3015 levi

89 3045 251 3106 admodum
276 3046 434 3123 agitatione
458 3048 628 3106 contritum.
673 3043 717 3104 td
742 3043 920 3104 suffusiones
943 3044 1107 3124 oculorum,
1128 3053 1160 3103 1⁷

90 3152 167 3212 quas
183 3133 289 3194 Graeci
307 3133 519 3212 hypochymata
535 3133 651 3194 dicunt:
669 3131 804 3193 Fenicnli
819 3134 882 3193 suci
898 3132 1002 3211 liquidi
1019 3132 1108 3211 Xlll,

89 3221 276 3301 opobalsami
306 3220 331 3281 X
354 3221 408 3304 lll,
435 3221 532 3282 mellis
555 3222 646 3283 Attici
670 3219 695 3280 X
718 3219 771 3302 lll,
799 3220 856 3280 olei
884 3221 986 3281 viridis
1010 3219 1035 3280 X
1059 3219 1107 3299 lll,

1206 376 1232 411 N

166 3363 201 3412 10
221 3357 360 3425 emabibis,
378 3359 442 3412 item
461 3362 503 3412 29.
587 3361 620 3409 13
638 3354 706 3410 licii.
779 3353 897 3422 peperis.
972 3358 1005 3406 14
1024 3352 1106 3422 aridi]

88 3431 120 3482 et
139 3429 209 3482 erui.
278 3427 446 3482 hamoniooi.
512 3432 545 3480 to
564 3426 677 3494 oportit.
745 3423 930 3480 theodosium.
999 3428 1033 3476 2³
1052 3425 1107 3475 ter-

88 3499 185 3554 tiasse
204 3497 284 3568 lycio.
358 3504 392 3554 38
410 3498 638 3568 hyposchemsta.
