2528 3814
494 148 731 214 -309-

11 342 14 380 ς
105 308 157 368 das
181 308 265 369 dabis
289 309 345 370 coli
369 309 470 370 dolore
495 310 639 370 coniecto.
676 309 792 371 Herbae
814 313 979 373 vettonicae
997 313 1117 392 pollinis
1137 327 1170 376 21

106 389 146 482 β
166 395 202 456 Vl
226 416 262 458 ex
286 416 378 476 aquae
403 397 514 459 calidae
534 399 646 478 cyathis
665 399 763 460 tribus
782 399 876 460 colico
894 403 995 462 ieiuno
1014 401 1117 464 biben-

105 485 159 545 dos
182 504 236 564 per
259 487 392 558 triduum
416 487 507 548 dabis.
549 486 764 568 Plantaginem,
793 507 868 568 quae
892 491 956 550 sine
979 489 1118 570 lanugine
1137 503 1171 553 22

8 611 13 651 ,a
105 573 209 651 luerit,
237 583 393 636 contusam
416 594 484 637 cum
509 576 568 638 sale
592 577 731 656 adponito
759 577 796 637 ad
825 577 1000 639 umbilicum
1023 581 1118 663 colici,

8 705 13 741 2,
76 665 180 724 222122
202 664 345 742 proderit.

9 825 10 828 Ἴ
194 751 308 813 Anulus
336 752 372 812 de
400 771 472 814 auro
500 761 582 814 texta
604 755 705 814 tunica
728 755 762 815 fit
785 761 901 834 exusta,
930 757 980 816 cui
1007 755 1116 817 inscul-
1136 769 1169 818 22

8 883 10 918 3
104 841 187 918 pitur
210 843 275 902 vice
298 859 430 920 gemmae
453 844 546 921 piscia
570 842 779 924 2222212222,
803 845 845 903 sie
869 851 903 903 ut
921 842 1117 924 holochrysos

105 931 145 990 sit
168 929 327 991 2212212222
350 933 381 991 in
405 930 518 992 ambitu
541 931 736 993 rutunditatis
759 933 926 1012 utriusque,
951 933 982 993 id
1005 941 1051 994 est
1074 936 1118 994 in·

9 1057 10 1060 =
104 1019 199 1079 terius
230 1026 260 1080 et
288 1021 419 1080 exterius
443 1019 564 1081 Graecis
587 1019 695 1080 litteris
718 1023 877 1099 scripturn:
912 1015 986 1094 Θεὸς
1007 1019 1119 1084 κελεύει

8 1161 9 1164 ,
63 1101 254 1186 2222122122
275 1105 365 1170 κόλον
387 1102 508 1182 πόνους.
551 1108 777 1171 Observandum
799 1116 899 1170 autem
922 1113 994 1191 erit,
1016 1119 1064 1192 nt,
1092 1114 1118 1172 si

104 1197 135 1256 in
159 1195 251 1256 latere
275 1198 397 1258 sinistro
421 1197 506 1257 dolor
529 1198 633 1278 luerit,
660 1199 692 1258 in
717 1217 806 1259 mauu
830 1200 950 1259 sinistra
973 1199 1118 1261 habeatur

104 1283 220 1365 anulus,
239 1293 290 1346 aut
309 1287 340 1346 in
360 1285 471 1368 dextra,
491 1288 517 1347 si
535 1287 672 1349 dextrum
691 1287 768 1348 latus
787 1286 912 1368 dolebit3
931 1287 1001 1348 luna
1018 1296 1118 1350 autem

104 1373 297 1436 decrescente
321 1375 369 1436 die
392 1374 469 1436 12212
490 1377 619 1455 primum
639 1378 670 1436 in
689 1395 777 1437 usum
796 1375 950 1438 habendus
969 1379 1028 1438 2212
1046 1396 1117 1438 anu-

103 1460 159 1521 122.
201 1463 246 1522 Ad
269 1463 327 1524 coli
349 1463 482 1525 dolorem
505 1467 641 1544 requires
665 1465 768 1526 limum
791 1465 854 1544 lupi
882 1472 912 1525 et
935 1483 1014 1546 ossa,
1042 1485 1117 1544 quae
1138 1478 1172 1526 24

63 1548 215 1609 inibidem
238 1553 402 1631 inveneris,
426 1553 591 1614 contundes
615 1561 645 1614 22
667 1553 820 1632 pulverem
844 1571 880 1613 ex
903 1553 950 1613 bis
974 1555 1064 1614 iacies
1088 1562 1118 1614 22

103 1640 135 1698 12
159 1656 234 1717 aqua
258 1639 364 1717 frigida
387 1642 487 1701 ieiuno
510 1640 672 1701 bibendum
697 1640 788 1701 dabis.

193 1727 237 1787 Ad
261 1727 319 1788 coli
342 1727 474 1790 dolorem
497 1729 545 1789 die
568 1729 622 1788 Xll
644 1728 700 1790 kal.
719 1729 810 1808 April.
833 1729 924 1790 violas
946 1748 1033 1790 mane
1057 1729 1168 1792 221-25

103 1815 156 1894 ligi
182 1816 273 1877 facies
301 1825 331 1876 22
358 1819 416 1878 2221
443 1820 474 1878 12
497 1819 638 1878 mortario
662 1817 833 1898 diligenter,
860 1825 962 1896 postea
985 1821 1016 1878 in
1039 1837 1117 1879 mor·

104 1906 213 1964 tarium
237 1907 335 1984 ipsum
356 1907 456 1966 mittes
475 1909 536 1967 2121
555 1907 664 1967 2222212
683 1908 820 1985 potiones
839 1905 890 1966 Vll
909 1916 938 1968 et
957 1925 1025 1969 cum
1044 1915 1117 1968 2222-

64 2011 91 2050 22
105 1995 256 2071 peraveris
271 1994 475 2076 conuolsa
490 1995 538 2056 die
554 2013 643 2074 supra
658 1997 769 2073 scripto
784 1997 920 2074 potiones
934 2014 988 2075 per
1003 2005 1118 2076 septem

105 2081 169 2143 dies
193 2085 351 2144 continuos
375 2083 467 2164 dabis,
491 2084 543 2145 sed
567 2093 672 2146 cautus
696 2101 762 2144 esse
787 2083 877 2145 debes
900 2087 932 2145 in
954 2082 1040 2145 violis
1059 2085 1117 2145 eol-

104 2171 240 2252 ligendis,
264 2175 332 2250 quia
355 2172 514 2252 pleraeque
538 2181 609 2234 sunt
631 2174 744 2234 noxiae.

192 2260 237 2320 Ad
265 2261 323 2321 coli
351 2261 483 2322 dolorem
512 2261 643 2324 seribere
667 2261 758 2322 debes
781 2263 812 2322 in
835 2261 943 2322 lamina
966 2279 1056 2322 aurea
1078 2262 1115 2323 de
1135 2275 1168 2324 26

104 2349 196 2427 grafio
225 2367 315 2410 aureo
343 2351 420 2410 12122
443 2353 571 2430 scriptos
595 2351 781 2412 characteres
809 2350 878 2410 luna
901 2352 997 2428 prima
1020 2353 1118 2430 vigen-

64 2453 91 2494 22
106 2439 180 2498 sima
206 2447 236 2498 22
259 2437 397 2499 laminam
419 2441 513 2518 ipsam
538 2443 656 2502 mittere
679 2441 757 2500 intra
780 2438 917 2500 tubulnm
941 2457 1065 2500 aureum
1089 2447 1119 2500 et

104 2526 235 2605 desuper
262 2529 379 2606 operire
407 2528 453 2588 vel
485 2529 634 2590 involvere
664 2527 802 2589 bubulum
831 2529 930 2607 ipsum
961 2527 1039 2607 pelle
1071 2547 1119 2590 ca-

103 2617 190 2693 prina
214 2623 244 2676 22
267 2619 387 2694 caprina
410 2619 537 2696 corrigia
560 2617 652 2696 ligare
674 2618 707 2676 in
729 2617 804 2696 pede
828 2617 941 2696 dextro,
966 2619 992 2678 21
1015 2617 1119 2678 dextra

103 2721 174 2782 pars
198 2706 333 2782 eorporis
356 2704 421 2766 colo
445 2705 602 2787 laborabit,
626 2707 731 2766 autin
755 2707 888 2786 sinistra,
915 2708 940 2766 si
963 2705 1007 2766 ibi
1029 2725 1119 2767 causa

104 2792 209 2872 inerit,
241 2791 350 2854 habere
379 2793 512 2874 debebit3
544 2795 596 2856 sed
625 2795 696 2856 dum
723 2801 826 2856 utetur
854 2796 921 2874 quis
948 2794 1006 2856 hoc
1035 2813 1118 2874 prae·

63 2898 91 2938 22
106 2880 260 2963 ligamine,
294 2881 441 2943 abstineat
477 2901 585 2944 venere
623 2892 653 2945 et
689 2901 728 2944 22
764 2883 920 2944 mulierem
951 2891 1003 2944 aut
1034 2901 1118 2962 prae·

104 2978 245 3048 gnantem
282 2973 434 3049 contingat
466 2981 517 3033 aut
554 2972 725 3052 sepulcrum
762 2972 962 3052 ingrediatur,
998 2975 1118 3032 omnino

105 3057 264 3119 observare
296 3058 432 3140 debebit3
465 3061 500 3121 ad
529 3063 627 3141 ipsum
659 3071 758 3123 autem
788 3061 846 3122 coli
874 3061 1007 3121 dolorem
1035 3063 1117 3140 peni·

105 3155 154 3208 tus
187 3148 371 3230 evitandum,
403 3156 438 3209 ut
471 3151 625 3211 sinistrum
657 3151 764 3230 pedem
797 3167 915 3228 semper
946 3151 1032 3226 prius
1062 3149 1118 3209 cal-

194 3300 391 3358 2bibendum.
486 3303 623 3358 6222122.
716 3301 894 3356 7212221222.
986 3301 1118 3356 822222-

104 3369 202 3425 ditatis
221 3373 291 3442 (stc).
357 3375 387 3428 22
405 3374 469 3429 add.
489 3380 553 3429 ante
570 3372 688 3428 12222122
707 3379 767 3430 222.
832 3377 865 3427 21
887 3371 975 3440 debis,
995 3373 1057 3428 item
1075 3379 1118 3428 23.

103 3446 139 3496 24
158 3445 320 3500 caracteres.
386 3445 544 3516 viginsima.
604 3450 638 3500 28
658 3443 681 3498 21
700 3445 764 3500 add.
784 3449 848 3500 2222
866 3444 903 3498 in.
962 3451 997 3500 30
1015 3443 1119 3500 222122.

102 3514 278 3582 prensantem.
