2518 3806
535 127 773 192 -364-

148 295 188 353 ita
217 309 303 351 omne
333 293 432 350 vinum
460 299 656 370 excoquatur,
684 299 718 349 ut
745 290 793 348 vix
821 289 968 349 sextarius
996 298 1177 370 remaneat3
1255 342 1257 361 ,

147 389 251 460 postea
274 379 383 440 adicies
406 397 492 439 cerae
516 379 600 440 ruiae
625 411 662 422 -
685 376 722 436 Vl
750 386 780 438 et
804 376 875 436 dum
899 377 1006 458 fervet,
1035 381 1177 457 coagita-

148 469 195 530 bis
218 477 248 529 et
271 467 420 529 sublatum
441 467 563 528 deloco
583 467 765 528 medicamen
785 465 960 545 diutissime,
984 465 1057 526 dum
1077 467 1177 526 reiri·

149 565 279 637 geretur,
303 555 426 635 agitabis
450 563 480 616 et
503 575 571 616 eum
594 573 689 616 unum
707 572 817 632 corpus
835 556 900 614 eius
919 553 1036 628 seceris,
1061 556 1097 614 in
1121 556 1177 616 do-

148 645 249 707 liolum
277 647 405 706 vitreum
437 652 488 704 aut
515 644 653 722 pyxidem
682 650 832 720 stagneam
861 643 1006 702 recondes
1033 650 1065 702 ct
1096 661 1200 704 cums

149 754 223 815 opus
247 735 350 814 luerit,
376 751 481 811 parum
505 733 708 795 medicaminis
731 730 812 810 loco,
836 733 888 809 qui
915 731 1067 791 curandus
1100 735 1175 814 erit,

148 827 292 902 impones,
318 821 370 882 sed
394 821 445 881 diu
464 820 641 899 periricabis
663 839 697 880 ac
720 826 823 898 postea
845 818 937 879 linteo
960 818 1107 900 involveS,
1134 839 1176 881 ne

148 912 321 972 indumenta
339 913 548 990 inquinentur3
567 909 646 988 quod
667 907 831 969 remedium
850 917 918 986 post
936 907 1076 968 balneum
1096 927 1173 970 ner·

148 1003 192 1060 vis
220 999 358 1060 relaxatis
385 1000 609 1059 conuenientius
637 998 700 1078 iict3
731 996 783 1056 sed
811 998 861 1056 cui
889 995 1068 1056 medendum
1098 1001 1174 1078 erit,

148 1089 309 1167 liquamine
334 1096 363 1147 et
387 1089 509 1166 porcina
532 1086 681 1146 abstinere
705 1083 833 1145 debebit.
1186 1106 1210 1144 ro

95 1189 130 1238 24
238 1175 391 1252 Decamyri
419 1175 599 1234 calefactorii
625 1173 771 1234 confectio
795 1173 831 1232 ad
854 1191 962 1234 nervos
985 1174 1171 1235 confirman-

149 1262 202 1324 dos
226 1271 256 1322 et
279 1261 457 1322 recreandos
478 1270 546 1340 post
564 1263 703 1322 iniuriam
722 1261 841 1340 frigoris
861 1268 912 1322 aut
931 1261 1060 1340 aliquam
1079 1281 1169 1323 vexa·

148 1351 260 1410 tionem
289 1351 346 1410 sic:
379 1349 515 1410 Euforbii
537 1382 581 1394 —
604 1348 630 1428 l,
658 1349 793 1428 pyrethri
815 1349 908 1428 -1,
936 1368 1052 1428 myrrae
1080 1383 1119 1394 —
1146 1351 1169 1431 l,

148 1440 256 1499 amomi
277 1471 315 1481 -
333 1437 354 1518 l,
374 1438 437 1498 lolii
456 1472 497 1480 -
512 1437 534 1518 l,
552 1440 664 1518 piperis
683 1469 726 1482 —
741 1437 763 1518 l,
781 1441 906 1516 styracis
926 1430 1057 1524 Mill,
1077 1457 1168 1500 cerae

149 1520 189 1614 ,Q
209 1525 282 1607 Vlll,
305 1527 391 1587 nardi
411 1519 450 1613 Ἴθι
470 1526 543 1606 Vlll,
567 1527 747 1606 opobalsami
768 1519 807 1612 ,β
827 1525 900 1587 Vlll.
932 1527 974 1586 lle
997 1527 1045 1586 bis
1069 1532 1202 1588 omni-1⁵

149 1616 205 1677 bns
224 1618 322 1677 tunsis
342 1616 479 1676 cribratis
498 1617 691 1694 remissisque
711 1614 801 1675 iacies
821 1632 910 1674 unam
934 1616 1167 1696 conlectionem,

149 1723 236 1784 quam
260 1707 290 1765 in
314 1704 451 1784 pyxidem
474 1703 600 1783 ligneam
624 1712 676 1764 aut
700 1721 840 1764 corneam
863 1702 1009 1764 recondes
1038 1712 1069 1764 et
1094 1723 1165 1766 oum

149 1811 224 1872 opus
247 1792 346 1874 luerit,
368 1794 472 1854 uteris.

96 1894 128 1944 25
237 1881 310 1941 ltem
341 1881 377 1940 ad
405 1880 507 1940 eadem
536 1898 662 1959 acopum
689 1880 725 1940 de
754 1878 913 1957 speciebus
941 1897 1046 1940 novem
1070 1881 1165 1942 facies

149 1971 205 2030 sic:
238 1968 397 2029 Masticbes
426 1961 465 2054 9·
485 1967 536 2049 Vl,
565 1969 690 2046 styracis
714 1960 754 2053 2·
774 1967 825 2048 Vl,
854 1967 939 2028 nardi
967 1976 997 2028 et
1020 1969 1164 2031 dictamni
1177 1988 1198 2028 n

148 2058 337 2138 tantundem,
360 2056 418 2117 olei
441 2057 543 2118 viridis
566 2048 607 2142 ,Q
627 2055 693 2135 XX,
721 2055 779 2116 olei
802 2055 927 2136 phyllini
950 2049 991 2142 3·
1010 2055 1076 2138 XX,
1106 2058 1165 2119 olei

79 2172 81 2174 ·
148 2148 270 2226 myrtini
289 2139 328 2232 9·
348 2143 383 2226 X,
407 2163 492 2206 cerae
512 2177 553 2188 -—
573 2144 623 2224 lX,
642 2143 822 2224 opobalsami
842 2137 881 2230 2-
901 2144 945 2206 Vl.
983 2143 1062 2205 llaec
1082 2148 1164 2208 simi-

148 2234 217 2296 liter
235 2241 269 2295 ut
288 2252 377 2312 supra
394 2235 505 2312 scripta
524 2234 665 2294 coniicias
684 2241 714 2294 et
728 2233 873 2294 recondes
888 2241 918 2293 et
932 2233 1069 2294 similiter
1082 2233 1163 2296 lenta

149 2331 179 2383 et
202 2321 296 2383 calida
317 2340 404 2382 manu
424 2322 645 2401 perfricansad
664 2321 822 2400 placandos
842 2339 875 2382 ac
894 2322 1075 2401 reparandos
1094 2341 1161 2383 ner-

148 2429 200 2470 vos
224 2412 326 2471 uteris.
707 2447 709 2452 -
1174 2429 1198 2470 rs

96 2511 129 2561 26
239 2497 354 2576 Stirpes
374 2497 521 2558 brassicae
541 2516 609 2559 cum
624 2497 772 2558 radicibus
787 2499 850 2558 snis
864 2497 1031 2558 comburito
1046 2516 1159 2559 earum-

149 2605 207 2665 que
236 2587 367 2646 cinerem
395 2595 478 2646 aceto
506 2588 695 2665 conspargito
721 2595 751 2647 et
774 2585 887 2646 adiecta
910 2593 1010 2646 vetere
1034 2589 1158 2666 axungia

149 2673 287 2752 subigito,
306 2673 336 2732 id
356 2673 498 2752 malagma
517 2677 689 2752 impositum
710 2693 817 2734 nervos
832 2673 1031 2734 valentissime
1046 2675 1156 2736 solidat

96 2775 129 2824 at
240 2761 381 2832 Quercini
404 2761 476 2839 ligni
496 2763 644 2823 combusti
667 2765 798 2822 cinerem
820 2764 871 2840 qui
893 2765 1011 2823 vincet
1034 2763 1098 2824 oleo
1117 2765 1156 2824 di·

149 2850 238 2912 luerit
258 2849 434 2927 doloresque
449 2867 608 2910 nervorum
623 2869 656 2910 ea
671 2853 811 2912 unctione
826 2850 1026 2930 periricnerit,
1045 2870 1155 2912 summa
1169 2871 1194 2911 ao

96 2951 129 3000 28
149 2938 301 3001 celeritate
325 2936 486 2998 sanabitur.
524 2937 647 2998 Stercus
670 2941 823 3018 caprinum
847 2938 934 2998 melle
957 2942 1082 3000 mixtum
1105 2943 1154 3000 im-

148 3030 338 3110 positumque
363 3034 542 3105 suppuratos
565 3045 672 3088 nervos
696 3025 872 3106 expurgabit
894 3036 925 3086 et
948 3027 983 3087 ad
1004 3030 1154 3090 sanitatem

148 3135 244 3196 usque
270 3115 423 3195 perducet.

96 3216 129 3264 29
239 3205 271 3265 Si
298 3207 328 3265 in
357 3203 466 3264 cubitis
494 3212 546 3266 aut
573 3203 706 3265 articulis
734 3212 785 3264 aut
812 3221 999 3283 quacumque
1025 3208 1154 3284 corporis

148 3300 233 3370 parte
262 3310 421 3353 nervorum
454 3295 617 3353 contractio
650 3292 767 3352 dolores
800 3290 964 3371 exhibebit,
997 3291 1188 3355 lumbricosat

148 3387 210 3439 tres
238 3387 374 3440 terrenos
402 3398 470 3440 curn
496 3379 582 3440 melle
606 3383 693 3440 tritos
716 3379 897 3458 malagmatis
920 3380 1008 3440 modo
1031 3383 1153 3464 impone,

149 3483 266 3525 omnem
291 3467 423 3526 dolorem
445 3467 559 3528 mollito
582 3470 680 3547 rigore
704 3466 829 3528 sedabis.
