2518 3806
529 131 768 195 -362—

90 302 121 350 11
230 289 273 350 nd
293 289 430 350 morbum
449 291 638 352 articularem
658 295 714 354 sic:
738 290 851 370 Piperis
866 311 955 370 grana
971 291 1059 374 Vllll,
1079 295 1164 356 iuni-

141 379 208 458 peri
226 396 316 457 grana
335 377 422 452 Vllll,
442 380 564 440 feniculi
583 383 774 460 semunciam,
797 379 893 441 mellis
912 381 1049 460 cyathum
1070 382 1096 463 13
1125 403 1163 444 ex

141 469 202 527 vini
225 467 345 546 potione
369 467 443 528 haec
467 487 534 528 cum
559 471 656 530 omnia
680 469 755 530 bene
779 471 899 530 triveris
923 477 953 530 et
973 473 1161 548 permiscue-

141 557 193 638 ris,
216 557 247 616 in
271 555 344 616 solio
368 555 466 616 balnei
489 556 583 618 calido
607 557 734 618 bibenda
758 556 850 618 dabis.

89 658 122 706 12
232 643 384 705 Confectio
408 644 623 728 medicaminis,
651 646 730 726 quod
757 645 827 706 facit
850 646 885 706 ad
910 665 1012 707 omnes
1036 647 1187 712 doloress

141 741 172 794 11
199 732 235 793 ad
264 751 366 793 omnes
394 741 528 794 tumores
556 753 716 796 nervorum
740 744 770 794 11
795 734 997 795 membrorum
1021 739 1160 797 omnium

141 821 187 882 vel
210 821 398 903 conlisiones,
422 824 483 882 sive
507 823 622 884 fervore
647 825 708 883 sive
732 824 843 901 frigore
866 823 978 884 fuerint
1001 827 1159 907 excitatae,

141 911 301 990 praecipue
329 917 427 970 autem
456 911 527 971 facit
554 911 589 971 ad
618 913 747 972 faucium
776 919 923 972 tumorem
953 921 984 972 et
1012 912 1159 993 dolorem,

138 1001 193 1077 qui
217 998 327 1059 Graece
352 998 462 1059 dicitur
484 999 666 1078 paristbmia,
690 1001 847 1061 conficitur
871 1003 927 1061 sic:
951 1000 1019 1061 Sevi
1043 1005 1159 1062 taurini

139 1087 193 1147 sed
218 1089 281 1146 veri
299 1086 329 1147 P.
349 1105 451 1164 unum,
475 1090 537 1147 sevi
561 1091 710 1149 vervecini
730 1091 860 1149 recentis
882 1122 920 1130 -
941 1089 990 1170 lll,
1013 1093 1075 1150 sevi
1094 1091 1157 1150 bir-
1172 1113 1198 1153 ιο

138 1177 202 1235 cini
220 1177 351 1234 recentis
371 1174 478 1255 -vt,
499 1179 641 1253 porcinae
660 1179 803 1255 axungiae
823 1179 953 1237 recentis
972 1177 1002 1237 P.
1022 1177 1044 1260 l,
1067 1197 1156 1239 cerae

142 1261 252 1322 nitidae
271 1261 301 1322 P.
321 1261 342 1342 l,
366 1263 482 1322 resinae
502 1264 613 1324 nitidae
632 1264 662 1324 P.
682 1265 702 1326 1.
737 1265 846 1325 Savum
864 1265 911 1326 vel
929 1265 1045 1347 adipem
1065 1270 1156 1328 unius

141 1351 286 1428 cuiusque
314 1353 433 1428 generis
461 1359 617 1429 purgatam
641 1359 671 1412 ct
693 1361 811 1413 tunsam
835 1353 869 1414 ad
895 1373 983 1432 supra
1009 1357 1157 1434 scriptum

140 1437 257 1518 pondus
280 1438 430 1517 adpendes
453 1449 483 1500 et
507 1442 549 1500 sic
572 1441 604 1500 in
627 1441 787 1502 caccabum
810 1445 924 1522 mittes,
954 1453 1018 1503 tum
1042 1444 1156 1504 adicies

140 1545 240 1589 ceram
259 1535 289 1588 11
307 1529 450 1610 resinam,
470 1546 545 1608 quae
565 1547 633 1589 cum
652 1529 763 1590 fuerint
780 1530 868 1592 simul
882 1530 962 1591 lento
976 1535 1045 1608 igne
1060 1532 1156 1612 lique·
1171 1555 1195 1597 15

140 1617 230 1697 facta,
259 1615 369 1676 colabis
397 1635 430 1678 ea
459 1626 489 1677 11
511 1619 543 1677 in
565 1637 616 1678 vas
641 1617 719 1698 quod
744 1618 872 1679 volueris
896 1619 1041 1680 defundes
1065 1632 1156 1700 atquc

141 1707 244 1785 uteris,
267 1723 336 1766 oum
359 1723 435 1784 opus
458 1705 557 1766 fuerit.

92 1806 122 1854 13
231 1793 274 1852 nd
297 1793 430 1854 dolorem
454 1793 649 1854 medullarum
674 1795 839 1855 remedium
863 1798 918 1858 sic:
949 1795 1014 1857 Olei
1037 1799 1157 1877 cyprini

141 1881 172 1942 P.
191 1880 226 1962 ll,
250 1881 395 1942 medullae
419 1885 555 1943 cervinae
576 1915 617 1926 -—
636 1882 682 1964 Vl,
705 1882 805 1962 butyri
827 1887 942 1945 vaccini
962 1919 1003 1928 -
1023 1885 1072 1966 lll,
1092 1889 1157 1947 sevi

141 1971 253 2030 taurini
274 1969 377 2048 -111,
396 1970 491 2050 adipis
509 1973 640 2031 anserini
657 2003 695 2014 -
711 1971 760 2052 lll,
780 1990 866 2032 cerac
880 1972 1019 2034 Ponticae
1037 2005 1077 2016 -
1094 1974 1193 2057 11],11

141 2057 255 2118 bdellae
282 2057 394 2138 -111,
422 2061 524 2138 oesypi
549 2091 588 2102 -
608 2059 657 2120 111.
699 2059 741 2118 lle
764 2059 812 2120 bis
835 2061 972 2122 omnibus
996 2062 1156 2140 speciebus

141 2149 238 2208 tunsis
266 2148 397 2207 excoctis
424 2151 558 2226 purgatis
586 2165 679 2208 unum
709 2166 818 2228 corpus
846 2150 937 2210 facies
966 2157 995 2210 et
1022 2169 1077 2228 pro
1107 2171 1155 2212 ce-

141 2244 208 2295 roto
232 2237 335 2296 uteris.

88 2337 122 2384 11
229 2323 272 2382 nd
297 2323 444 2402 paralysin
464 2331 494 2384 et
512 2342 671 2384 nervorum
691 2323 808 2386 dolores
827 2324 949 2386 herbam
969 2327 1155 2388 urceolarcm

141 2409 286 2471 madidam
310 2414 341 2471 in
365 2411 524 2490 pultarium
548 2431 658 2472 novum
682 2415 781 2474 mittes
805 2422 836 2474 et
858 2413 894 2474 ad
913 2433 1033 2496 prunaS,
1057 2415 1152 2476 donec
1167 2436 1194 2478 es

141 2517 173 2558 sc
188 2500 328 2579 remittat,
346 2518 510 2581 excoques3
529 2510 601 2562 tunc
615 2503 646 2560 in
661 2503 835 2562 mortarium
851 2505 980 2563 conicias
995 2512 1025 2564 11
1038 2504 1154 2565 adiecto

140 2587 269 2646 lomento
290 2595 320 2648 et
339 2596 431 2666 aceto,
456 2598 599 2668 quantum
619 2591 691 2650 satis
709 2592 757 2669 sit,
781 2590 947 2651 diutissime
967 2600 1104 2652 conteres
1123 2601 1154 2654 et

141 2693 196 2754 pro
219 2674 393 2754 malagmate
417 2675 490 2738 locis
514 2677 684 2738 dolentibus
708 2679 846 2757 adpones.

87 2777 121 2824 15
230 2763 328 2823 Herba
349 2763 519 2826 Britannice
543 2765 646 2826 viridis
674 2785 742 2826 cum
770 2766 920 2827 radicibus
944 2771 1006 2828 suis
1029 2776 1152 2829 contusa

141 2860 171 2912 et
193 2869 333 2931 expressa
357 2859 445 2930 atque
466 2871 502 2913 ex
524 2856 586 2914 vini
609 2853 722 2933 cyathis
744 2854 861 2916 duobus
884 2855 930 2916 vel
953 2855 1050 2918 tribus
1069 2860 1153 2936 potui
1167 2877 1193 2916 eo

139 2947 255 3019 sumpta
280 2957 440 3000 nervorum
464 2941 647 3019 quibuslibet
670 2943 822 3004 doloribus
845 2951 984 3022 potenter
1007 2945 1153 3025 medetur,

86 3044 121 3094 16
141 3037 283 3109 quantum
303 3031 504 3107 experimenta
528 3031 703 3092 docuerunt.
745 3031 843 3092 Herba
862 3036 1008 3094 vettonica
1032 3036 1102 3094 trita
1124 3043 1154 3096 et

89 3133 120 3181 11
140 3120 267 3196 inposita
286 3135 394 3178 nervos
413 3121 500 3180 ctiam
520 3121 671 3198 praecisos
688 3123 841 3198 coniungit
855 3128 886 3180 et
899 3121 1033 3200 glutinat.
1066 3123 1154 3202 Myrti

140 3205 208 3266 folia
227 3207 331 3266 viridia
351 3207 480 3268 admixto
498 3209 615 3270 modico
635 3208 695 3268 sale
712 3217 742 3268 et
756 3219 839 3269 aceto
854 3217 979 3270 contusa
993 3229 1152 3272 nervorum

139 3293 362 3374 poplitumquae
377 3295 528 3358 doloribus
543 3305 677 3376 prosunt,
697 3299 722 3357 si
741 3297 787 3356 his
801 3297 924 3357 adsidue
938 3299 1067 3376 perfrica
1074 3308 1153 3362 ntur.
1167 3317 1192 3360 av

86 3391 121 3440 18
229 3381 271 3441 De
299 3382 395 3442 tribus
424 3385 551 3446 cumulis
582 3393 691 3465 terrae,
726 3403 800 3464 quos
828 3385 923 3462 talpae
952 3387 1078 3468 faciunt,
1106 3397 1153 3450 ter

141 3469 260 3528 sinistra
289 3487 378 3530 manu
409 3471 487 3551 quod
517 3472 748 3552 adprehenderis
771 3471 870 3552 tolles,
898 3472 955 3534 hoc
979 3483 1024 3535 est
1047 3494 1152 3537 novem
