2540 3802
505 141 746 208 -182-

118 306 281 385 inpositum
308 307 501 385 inpetigines,
530 322 603 383 quas
631 303 737 364 Graeci
764 305 860 382 agrias
885 311 1003 384 vocant,
1031 313 1138 384 poten·

67 407 100 455 14
118 395 233 456 tissime
257 403 349 455 sanat.
390 392 583 468 Formiculas,
608 409 682 472 quae
706 391 909 453 flerculaneae
933 395 1138 474 nominantur,

118 485 261 545 contritas
286 483 402 544 modico
425 481 485 542 sale
509 481 624 542 adiecto
648 482 803 560 inpetigini
826 481 951 560 adpone,
977 481 1138 542 miraberis

117 571 295 654 remedium;
319 589 387 632 uam
410 571 549 632 celeriter
572 577 745 649 expurgant.

65 673 97 721 15
121 662 124 668 “
205 660 396 740 Impetigines
416 668 446 720 et
463 658 561 738 lepras
580 659 653 719 haec
673 659 839 738 conpositio
857 659 1065 738 potentissime
1085 677 1165 720 err-5

103 750 221 829 ·tirpat:
244 749 333 810 Turis
347 747 482 830 masculi,
496 749 577 830 nitri,
593 749 708 826 argenti
723 765 854 827 spumae,
870 746 1023 827 sulphuris
1038 765 1136 828 acqua

116 837 248 918 pondera
277 857 346 900 cum
373 847 457 899 aceto
486 839 548 898 acri
575 843 716 898 teruntur
743 844 773 896 et
800 835 924 914 pinnula
947 838 1136 915 inponuntur

116 927 320 1006 siccatumque
344 927 528 988 medicamen
552 925 662 986 eluitur
691 931 721 986 et
748 942 870 986 rursum
895 924 1032 986 inlinitur
1055 925 1134 986 adsi-

64 1028 97 1078 tc
116 1015 174 1076 due
198 1014 312 1077 elutum
336 1024 424 1096 atquc
448 1017 601 1076 siccatum.
637 1013 670 1074 Si
691 1012 799 1093 locum,
823 1031 912 1092 quem
931 1015 1063 1092 inpetigo
1084 1015 1134 1074 ad·

115 1103 200 1184 ludit,
224 1122 297 1164 auro
315 1103 554 1184 circumscribas,
574 1110 678 1184 postea
697 1121 765 1163 eum
783 1105 904 1163 omniuo
924 1121 983 1162 non
1003 1103 1134 1182 adpetet.
1150 1122 1178 1162 ιο

65 1205 96 1255 17
116 1191 210 1272 Luco,
240 1209 328 1270 quem
356 1201 508 1270 mentagra
531 1191 695 1272 obsederit,
725 1191 828 1252 fimum
851 1192 1003 1252 murinum
1026 1193 1135 1252 tritum

117 1297 153 1338 ex
176 1287 260 1340 aceto
283 1287 402 1358 oportet
424 1281 529 1358 inponi
547 1278 593 1340 vel
614 1279 749 1340 eiusdem
768 1281 862 1340 muris
882 1282 980 1340 exusti
998 1281 1134 1342 cinerem

116 1385 184 1428 cum
207 1367 272 1428 oleo
296 1367 405 1447 adponi
428 1367 547 1429 salubre
571 1375 624 1429 est.

64 1470 96 1520 18
204 1455 368 1518 Adversum
381 1456 614 1539 elephantiasim,
629 1457 708 1537 quud
719 1456 827 1518 malum
839 1457 1016 1537 plerumque
1028 1477 1045 1518 a
1056 1459 1132 1521 lacie

115 1546 287 1624 auspicatur
310 1547 499 1625 primumque
523 1547 621 1607 oritur
645 1547 730 1626 quasi
752 1545 902 1607 lenticulis
923 1549 1012 1607 variis
1037 1556 1067 1608 et
1086 1550 1175 1609 in-15

115 1633 287 1714 aequalibus
302 1643 370 1696 cute
388 1634 453 1695 alba
468 1634 539 1696 alibi
557 1653 666 1716 crassa,
685 1633 755 1695 alibi
773 1637 866 1714 tenui,
884 1634 1036 1716 plerisque
1056 1635 1133 1698 locis

115 1723 189 1784 dura
213 1731 242 1785 et
267 1726 352 1804 quasi
375 1723 494 1785 scabida
518 1733 548 1785 et
572 1723 607 1785 ad
630 1733 815 1804 postremum
839 1725 882 1784 sic
911 1726 1066 1804 increscit,
1099 1733 1132 1786 ut

115 1811 233 1873 ossibus
257 1831 326 1874 earo
350 1813 492 1874 adstricta
516 1812 751 1874 tumescentibus
771 1815 902 1891 primum
921 1813 1021 1891 digitis
1040 1821 1130 1892 atque

115 1901 249 1981 articulis
271 1902 450 1964 indurescat.
487 1901 543 1962 Hic
566 1901 689 1962 morbus
708 1901 898 1981 peculiariter
917 1901 1131 1982 Aegyptiorum

114 1989 232 2069 populis
251 1998 341 2052 notus
360 1999 406 2052 est
425 2009 480 2052 nec
496 1982 592 2052 solum
606 1993 641 2058 in
651 1990 758 2068 vulgus
773 1997 949 2072 extremum,
968 1991 1021 2051 sed
1040 1993 1130 2052 etiam
1147 2009 1174 2050 ao

114 2079 146 2138 in
174 2097 261 2158 reges
288 2081 370 2159 ipsos
398 2079 571 2159 frequenter
601 2081 735 2158 inrepsit.
782 2077 866 2139 Unde
897 2077 1039 2140 adversus
1072 2080 1130 2141 hoc

113 2168 223 2228 malum
243 2167 316 2228 solia
334 2171 408 2247 ipsis
427 2171 458 2228 in
477 2167 583 2228 balneo
602 2168 715 2246 repleta
734 2166 863 2228 humano
883 2170 1026 2247 sanguine
1045 2187 1130 2247 para·

113 2254 230 2316 bantur.
263 2255 406 2317 Mustelae
425 2258 518 2334 igitur
537 2264 657 2317 exustae
677 2258 752 2318 ciuis
773 2263 803 2316 et
817 2256 951 2316 ciusdem
967 2255 1080 2337 beluae,
1099 2258 1130 2318 id

115 2351 161 2403 est
184 2343 358 2425 elephantis,
383 2345 504 2423 sanguis
526 2347 669 2405 inmixtus
693 2353 722 2406 et
745 2343 848 2406 inlitus
872 2344 1042 2406 huiusmodi
1064 2364 1130 2406 cor-

61 2444 94 2494 19
113 2430 237 2510 poribus
261 2431 405 2493 medetur.
447 2432 565 2493 Nitrum
592 2435 754 2494 contritum
778 2441 866 2494 etex
890 2431 976 2494 melle
1000 2442 1030 2495 ct
1053 2433 1129 2496 lacte
1145 2451 1173 2493 25
1261 2447 1262 2450 ’

60 2533 94 2583 20
113 2518 225 2580 bubulo
253 2522 417 2600 inpositum
447 2519 658 2600 elephantiosis
691 2521 822 2601 prodest.
868 2521 963 2582 Radix
995 2526 1129 2603 asparagi

113 2607 234 2670 decocta
257 2611 289 2669 in
312 2616 396 2670 aceto
419 2617 449 2670 et
472 2611 541 2670 trita
566 2608 776 2689 elephantiosis
804 2610 1019 2672 rationabiliter
1045 2614 1128 2690 iupo-

59 2697 203 2760 21nitur.
241 2697 395 2759 Mentastri
419 2697 488 2759 lolia
512 2698 754 2760 commanducata
777 2699 824 2759 vel
848 2702 976 2761 coutrita
995 2700 1130 2778 adposita

113 2784 324 2864 elephantiosis
351 2787 522 2867 medentur,
551 2787 640 2848 cedro
670 2805 788 2868 quoque
816 2787 900 2848 tabes
928 2787 976 2849 illa
1005 2788 1128 2850 adsidue

112 2882 257 2954 peruncta
282 2884 411 2936 sanatur.
1143 2894 1172 2934 ³0

45 2976 92 3026 ms
201 2962 253 3024 Fel
276 2966 413 3025 ursinum
435 2964 569 3043 leprosos
592 2963 750 3026 admodum
774 2974 872 3048 sanat,
896 2967 923 3026 si
946 2983 981 3026 eo
1005 2965 1129 3027 adsidue

111 3050 312 3135 perlinantur3
336 3052 426 3132 adeps
450 3071 569 3133 quoque
593 3055 658 3114 eius
681 3053 788 3115 livores
812 3063 842 3115 et
864 3053 994 3115 maculas
1016 3056 1127 3116 eximit.

58 3153 92 3204 23
111 3140 179 3220 Apii
198 3160 301 3204 semen
320 3149 350 3202 et
369 3142 469 3204 anethi
488 3149 626 3203 conteres
645 3150 675 3202 et
694 3161 762 3203 cum
777 3143 864 3204 melle
878 3143 1018 3204 miscebis
1037 3152 1127 3222 atque

58 3243 93 3292 24
112 3231 182 3291 inde
210 3230 416 3293 malandriosis
445 3239 588 3311 quantum
615 3231 744 3292 sufficiat
767 3231 906 3309 adpones.
952 3231 1035 3292 lnula
1058 3251 1128 3293 con·

113 3321 182 3381 trita
206 3323 394 3401 inpositaque
418 3323 515 3399 primo
540 3319 660 3400 quidem
679 3318 869 3399 exulcerabit,
893 3318 1000 3380 deinde
1021 3339 1128 3399 expur·
1143 3336 1171 3378 as

112 3415 178 3484 gata
206 3413 284 3470 omni
313 3410 394 3490 lepra
425 3410 602 3488 detersaque
630 3410 716 3489 putri
741 3417 770 3467 et
797 3407 895 3468 tabida
924 3415 993 3468 cute
1021 3426 1128 3469 novam

113 3494 298 3576 similemque
318 3507 418 3560 cetero
438 3499 557 3577 corpori
575 3497 680 3558 reddet
699 3514 754 3556 nec
774 3497 929 3556 cicatrices
945 3496 1044 3556 loedas
1060 3514 1127 3556 esse
