2564 3794
496 117 737 182 -171-

194 278 282 339 titud
305 278 555 338 medicamentum
578 281 701 339 strumis
723 287 753 339 et
771 280 900 357 suspirio
919 280 1033 360 efficax,
1051 281 1122 342 lacit
1141 293 1156 342 s

98 375 205 430 autem
230 375 260 427 et
283 366 320 426 ad
343 365 512 427 lumborum
537 366 685 427 diutinum
708 366 840 428 dolorem
864 375 894 428 at
917 369 954 429 ad
973 369 1121 450 paralysIn

100 463 133 516 et
158 456 195 516 ad
217 455 400 534 hydropicos
423 463 453 515 et
476 455 513 515 ad
536 454 679 536 lienosos,
703 457 861 516 conficitur
884 458 941 517 sic:
964 457 1121 536 Bruoniae,

99 545 132 604 id
158 553 205 604 est
229 543 312 604 albae
336 545 413 624 vitis,
434 542 543 604 radicis
567 542 674 624 XXII,
696 545 749 604 iris
772 543 905 623 illyricae
930 543 1037 626 XXII,
1061 565 1121 607 am-

69 634 234 693 smoniaci
257 639 359 710 guttae
383 631 408 690 X
429 630 491 709 XII,
514 635 649 710 asparagi
671 633 780 693 radicis
800 631 889 712 XVI,
913 632 1012 693 scillae
1038 633 1121 695 bulbi

99 721 191 782 crudi
214 730 353 781 tenerum
377 738 413 780 ex
436 722 580 781 interiore
598 730 683 800 parte
702 720 728 780 X
747 720 808 801 XII,
832 721 1015 800 tragacanthi
1034 721 1120 782 XVI.

100 809 156 870 His
181 807 278 869 mellis
300 810 446 869 miscetur
470 808 549 888 quod
573 809 710 889 sufficiat,
737 809 790 870 sed
813 812 897 888 prius
920 811 1054 870 contusis
1078 810 1120 870 di-

100 898 232 976 ligenter
251 907 281 958 et
299 899 389 977 tritis,
408 897 503 957 donec
523 899 618 957 ceroti
636 897 764 958 habeant
783 905 1027 978 temperaturam,
1051 899 1120 959 inde

100 1005 173 1048 oum
193 1005 268 1065 opus
288 994 342 1066 est,
361 985 449 1045 datur
467 987 568 1046 ieiuno
587 985 728 1046 denarius
747 1004 825 1047 unus
844 1005 913 1047 oum
934 1005 1027 1066 aquae
1047 986 1120 1048 mul·

57 1093 85 1134 ao
100 1093 153 1136 sae
177 1074 292 1154 cyathis
315 1073 421 1134 tribus.

193 1162 321 1223 Balsami
344 1181 446 1223 semen
470 1163 574 1224 tritum
597 1171 701 1242 potum
727 1181 763 1224 ex
787 1165 854 1224 vino
877 1163 1000 1243 prodest
1023 1165 1119 1244 suspi·
1139 1177 1155 1226 6

101 1253 207 1333 riosis,
237 1251 371 1332 caducis,
400 1252 559 1332 irenitIois,
591 1251 757 1330 pleuriticis
788 1259 818 1312 et
847 1252 883 1312 ad
912 1254 1010 1313 omnia
1041 1254 1119 1332 vitia,

102 1358 180 1419 quae
208 1341 240 1400 in
267 1339 389 1400 thorace
419 1339 599 1422 subsistunt,
631 1340 781 1419 pulmonis
809 1348 839 1400 et
867 1343 989 1420 suspirii
1021 1343 1141 1402 causis.

102 1427 250 1488 medetur.
283 1427 431 1507 Thymum
449 1431 553 1489 tritum
572 1436 676 1507 potum
695 1447 731 1489 ex
752 1430 818 1488 riuo
838 1438 978 1490 extenuat
996 1437 1027 1490 et
1045 1429 1119 1490 cale·
1139 1443 1155 1490 ‘t

60 1534 87 1576 15
102 1517 175 1578 lacit
189 1535 266 1596 quae
281 1518 396 1576 suntin
411 1517 562 1576 stomacho
577 1519 685 1596 gravia,
704 1517 783 1577 unde
800 1519 962 1596 suspirIum
977 1520 1119 1596 nascitur,

102 1611 239 1666 ventrem
263 1623 382 1684 quoque
404 1604 525 1684 relevat,
549 1607 723 1683 sanguinem
742 1613 883 1665 extenuat
905 1613 936 1666 et
955 1623 1030 1682 quae
1049 1613 1120 1666 sunt

101 1693 252 1774 glutinosa
271 1701 301 1754 et
320 1693 473 1754 haerentia
493 1695 524 1752 in
543 1692 663 1753 thorace
683 1700 714 1752 et
732 1691 868 1753 faucibus
883 1693 1021 1753 detrahit.
1052 1692 1116 1753 Ori·
1139 1706 1155 1755 8

101 1800 213 1860 ganum
236 1800 304 1842 cum
324 1799 412 1842 croco
433 1783 538 1841 tritum
556 1788 749 1859 potatumque
769 1799 838 1841 cum
858 1784 925 1841 vino
945 1783 1118 1860 suspiriosis

102 1871 235 1949 prodest.
272 1869 424 1950 Hysopum
444 1887 562 1948 quoque
582 1869 698 1929 aridum
717 1878 876 1929 contusum
898 1877 928 1929 et
947 1878 1062 1929 cretum
1081 1883 1152 1930 exa

62 1979 90 2018 ao
104 1977 181 2038 aqua
208 1965 260 2019 aut
287 1961 356 2018 rino
383 1967 434 2018 aut
462 1965 545 2018 aceto
574 1965 625 2018 aut
651 1957 738 2017 melle
763 1957 864 2018 datum
887 1966 938 2018 aut
961 1958 1117 2018 decoctum

103 2065 172 2109 cum
196 2047 295 2124 aliquo
319 2064 409 2125 supra
432 2045 581 2106 dictorum
604 2045 754 2124 liquorum
778 2047 951 2124 suspiriosis
973 2046 1116 2106 medetur.

14 2135 15 2142 ’
102 2133 289 2196 Marruhium
317 2135 433 2195 aridum
460 2135 564 2194 tritum
589 2153 658 2195 cum
681 2133 777 2194 mellis
801 2133 940 2195 cocliario
964 2143 1117 2213 sumptum
1138 2146 1171 2195 10

104 2224 149 2284 vel
172 2242 264 2298 sucus
288 2224 352 2283 eius
375 2231 464 2302 potus
488 2241 581 2302 aeque
600 2224 773 2302 suspIriosis
792 2222 923 2283 remedio
944 2225 1008 2283 erit.
1044 2222 1117 2284 Cha·
1135 2235 1167 2283 11

103 2313 241 2393 maedrys
269 2319 426 2372 extenuata
459 2313 589 2390 tritaque
621 2310 652 2372 e't
684 2319 753 2390 pota
784 2311 907 2390 prodest
935 2313 1118 2392 suspiriosis,

61 2418 90 2460 ss
104 2420 180 2481 quae
208 2408 332 2480 propter
362 2400 591 2461 crassitudinem
622 2418 706 2461 suam
736 2399 851 2478 liquore
885 2399 996 2481 aliquo,
1029 2403 1119 2461 etiam

103 2509 192 2572 aqua,
217 2490 372 2550 extenuari
395 2488 484 2549 debet
507 2496 537 2548 et
560 2491 603 2548 sic
627 2490 730 2567 scalpi.
771 2487 870 2548 llerba
893 2490 1025 2550 tiniatica
1049 2501 1171 2550 con-12

103 2588 170 2640 tusa
193 2585 224 2638 et
247 2595 283 2637 ex
306 2576 393 2637 melle
417 2576 556 2637 cocliaria
576 2585 693 2656 sumpta
712 2578 892 2656 suspiriosos
911 2586 1009 2659 curat,
1033 2587 1118 2639 rutae

104 2685 223 2746 quoque
253 2674 342 2745 atque
372 2663 482 2726 herbae
510 2664 664 2726 blattariae
691 2684 782 2726 sucus
812 2683 866 2744 per
893 2683 926 2726 se
954 2666 1040 2727 datus
1068 2676 1119 2727 aut

104 2755 219 2816 radices
243 2771 346 2814 earum
368 2755 502 2815 incoctae
526 2773 601 2833 aqua
625 2762 655 2815 et
677 2756 762 2832 potui
785 2754 869 2814 datae
893 2755 1029 2816 similiter
1051 2773 1117 2835 pro-

64 2862 91 2903 so
106 2852 176 2905 sunt
198 2861 316 2902 necnon
340 2849 370 2902 et
393 2845 527 2922 capparis
550 2843 666 2903 radices
684 2843 764 2906 idem
782 2849 943 2924 praestant,
962 2846 989 2904 si
1011 2845 1061 2924 ita,
1086 2851 1119 2904 ut

104 2951 193 3012 supra
213 2933 359 3010 scrlptum
378 2940 433 3012 est,
456 2933 648 3009 achpiantur.
685 2930 794 2991 Resina
813 2931 1013 2993 terebinthina
1032 2933 1118 2993 devo·
1140 2944 1172 2992 13

104 3029 187 3082 ratur
206 3019 243 3080 ad
262 3019 497 3097 magnitudinem
516 3019 598 3080 labae
613 3020 808 3099 Aegyptiacae
830 3019 866 3080 ab
887 3039 931 3102 eo,
951 3023 1003 3099 qui
1021 3023 1117 3099 suspi-

103 3111 148 3169 rio
171 3108 295 3187 laborat,
319 3109 379 3167 vini
402 3107 506 3187 cyatho
531 3115 752 3188 supersumpto,
776 3125 923 3187 quaeres
946 3127 1052 3188 magno
1072 3127 1118 3169 re-

104 3197 280 3258 mediaest.

14 3467 15 3474 ἵ
193 3400 384 3472 2ρατιιΙγεθη.
439 3399 663 3455 thammoniaci
710 3405 743 3454 1⁷
762 3399 926 3470 gluttinosa.
974 3405 1008 3454 29
1027 3400 1119 3470 putui.

14 3487 15 3490 ’
105 3479 137 3529 31
156 3471 336 3528 terebintins.
