2528 3814
539 99 783 162 *274-

151 264 276 344 Dantur,
296 279 364 324 cum
383 277 432 322 res
450 259 590 341 postolat,
609 278 645 320 ex
665 269 748 320 aceto
768 269 798 321 et
817 259 902 322 melle
922 261 1061 322 inunum
1074 263 1163 323 mixto

153 351 267 432 cyathis
289 349 400 431 trihus,
423 349 460 410 ad
483 350 588 410 vitium
612 355 710 410 autem
733 348 902 430 mulierum,
928 367 986 428 quo
1010 359 1164 430 correptae

153 441 350 519 suffocantur,
378 438 457 518 quod
485 437 592 499 Graeci
618 437 789 518 hystericeu
820 441 908 517 pniga
936 438 1103 520 appellant,
1132 459 1165 500 en

152 547 228 609 aqua
256 527 352 588 mulsa
379 527 444 588 dari
466 534 597 607 oportet,
625 533 770 606 quantum
792 544 854 588 nux
876 525 1007 588 avellana
1029 535 1091 609 est;
1120 528 1165 590 de-

152 618 244 680 trahit
266 619 346 678 enim
368 618 486 678 urinam
509 617 668 694 copiosam.
1177 634 1187 674 a

117 718 133 768 't
241 705 502 784 Medicamentum,
530 704 609 784 quod
638 703 841 766 dodecatheon
868 703 1047 786 appellatur,
1069 713 1168 766 movet

152 799 283 877 utrinam,
311 795 382 856 lacit
404 800 435 854 et
457 793 493 854 ad
517 811 582 874 eos,
610 795 661 872 qui
684 792 838 854 reficiendi
863 801 934 854 sunt
956 803 1025 872 post
1048 810 1168 871 gravem

152 884 385 964 inbecillitatem,
411 882 481 943 facit
504 889 534 944 et
557 881 594 943 ad
617 882 791 960 auruginem
814 880 958 942 habentes
982 890 1012 942 et
1035 881 1072 942 ad
1097 885 1167 944 ioci-

152 977 234 1036 neris
257 981 288 1033 et
311 974 429 1032 renium
452 970 584 1032 dolorem
608 978 638 1031 et
661 969 698 1032 ad
721 969 850 1032 lienosos
875 978 905 1030 et
928 970 965 1031 ad
987 969 1168 1050 hydropicos

152 1071 182 1124 et
206 1063 242 1123 ed
265 1059 426 1122 difficulter
448 1062 565 1120 urinam
588 1058 765 1139 reddentes,
788 1057 939 1138 crapulam
963 1077 1083 1138 quoque
1107 1078 1167 1120 nou
1180 1078 1203 1116 ιο

152 1153 265 1229 patitur
287 1151 356 1210 rino
379 1151 465 1226 nigro
488 1156 592 1227 potum
617 1147 789 1208 subsistere.
827 1146 953 1208 Prodest
976 1148 1167 1210 stomachicis

152 1246 183 1298 et
204 1235 381 1298 mulieribus
404 1255 421 1296 a
443 1235 529 1296 vulva
551 1235 755 1298 laborantibus
778 1243 808 1296 et
832 1236 868 1297 ad
887 1238 985 1296 omnia
1004 1254 1120 1298 venena
1138 1245 1168 1297 et

151 1326 188 1386 ad
212 1327 396 1402 serpentium
418 1341 537 1386 morsus
561 1333 649 1404 atque
673 1327 751 1386 ictus
774 1325 859 1386 etad
878 1327 1005 1386 interius
1024 1325 1166 1386 convulsa

152 1415 224 1474 satis
247 1412 320 1474 utile
344 1421 403 1494 est3
427 1413 584 1474 conficitur
607 1415 664 1474 sic:
687 1412 802 1492 Myrrae
826 1411 905 1492 llll,
929 1415 1025 1474 casiae
1044 1416 1168 1476 corticis

151 1501 236 1582 llll,
263 1504 317 1564 iris
341 1501 398 1562 ill
418 1501 452 1583 S,
480 1504 540 1582 apii
562 1501 685 1563 seminis
708 1500 780 1562 ΧΠ
808 1511 839 1563 et
865 1503 985 1562 tertiam
1009 1503 1202 1581 victorialis

151 1593 233 1654 acori
256 1590 280 1652 ll
299 1590 321 1672 l,
344 1609 418 1652 urae
436 1608 541 1669 passae
559 1592 624 1651 sine
643 1592 742 1669 granis
761 1588 847 1650 llVl.
882 1589 961 1650 llaec
980 1593 1078 1652 omnia
1097 1594 1168 1654 vino

150 1681 269 1742 Ariusio
293 1687 417 1742 contusa
440 1679 629 1758 cribrataque
653 1686 905 1759 consparguntur,
929 1679 1034 1740 deinde
1058 1697 1096 1740 ex
1121 1681 1168 1741 his

150 1769 227 1831 dunt
249 1769 360 1849 pastilli
382 1766 408 1829 ll
432 1768 630 1849 singulorum,
659 1768 792 1846 quamvis
820 1776 924 1828 auctor
952 1767 1031 1828 dicat
1059 1785 1090 1828 se
1116 1787 1167 1848 pa·

151 1857 237 1918 stillis
265 1876 354 1919 usum
382 1859 471 1918 etiam
498 1856 535 1917 ad
563 1855 678 1917 denarii
705 1856 860 1916 semissem
888 1873 956 1916 cum
984 1857 1044 1916 vini
1073 1874 1167 1936 supra

151 1946 223 2007 dicti
248 1947 362 2026 cyatho.
1180 1964 1203 2003 so

115 2047 132 2097 8
239 2033 488 2097 Medicamentum
505 2035 614 2094 mirum
633 2032 669 2093 ad
689 2031 815 2112 cyhacos
834 2040 864 2092 et
883 2049 919 2092 ex
938 2031 1085 2094 cruditate
1099 2051 1167 2112 gra-

151 2125 271 2186 vedines
295 2123 471 2200 doloresque
495 2120 655 2183 cuiuslibet
672 2122 766 2200 partis
784 2122 816 2182 in
835 2138 960 2200 corpore
980 2123 1168 2184 sustinentes

150 2231 206 2273 nec
233 2214 333 2273 minus
361 2211 397 2270 ad
424 2208 579 2270 oculorum
609 2209 679 2270 lacit
707 2217 737 2269 et
764 2210 882 2270 renium
905 2209 1037 2270 dolorem
1060 2227 1167 2273 arcen-

153 2300 224 2360 dum
247 2309 277 2360 et
300 2299 336 2360 ad
360 2297 489 2359 scabiem
512 2299 642 2359 vessicae
666 2304 696 2358 et
719 2298 754 2358 ad
778 2299 919 2359 iocineris
943 2298 1090 2372 duritiam,
1115 2319 1166 2361 ex·

152 2389 244 2448 siccat
276 2389 356 2448 enim
388 2404 511 2467 corpus,
544 2385 667 2464 prodest
699 2393 729 2446 et
755 2387 792 2446 ad
820 2389 942 2467 arteria,
974 2387 1102 2465 denique
1133 2391 1165 2450 in
1179 2405 1204 2446 as

150 2474 288 2536 omnibus
316 2473 518 2536 laborantibus
546 2475 664 2536 adiurat
692 2482 722 2535 et
750 2477 959 2537 concoctiones
987 2483 1017 2536 et
1044 2477 1165 2538 urinam

149 2571 256 2642 movet,
275 2564 433 2623 conficitur
452 2565 508 2624 sic:
527 2562 620 2624 Nardi
639 2563 785 2644 Syriacae,
804 2565 894 2643 croci,
912 2581 1037 2644 myrrae,
1056 2567 1165 2647 casiae,

149 2652 234 2731 costi,
257 2652 395 2731 cinnami,
418 2654 554 2732 castorei,
578 2651 699 2714 schoeni
720 2652 811 2733 floris,
830 2654 943 2731 piperis
962 2651 1029 2731 albi,
1047 2654 1164 2731 piperis

148 2739 242 2820 longi,
266 2738 395 2818 galbani,
419 2741 535 2800 resinae
558 2740 786 2822 terebinthinae,
809 2743 943 2821 storacis,
968 2743 1037 2822 opii,
1060 2742 1163 2818 singu·

148 2828 245 2889 lorum
269 2827 294 2887 ll
319 2834 509 2908 quarternos,
536 2827 640 2888 alterci
663 2831 798 2910 seminis,
826 2831 920 2909 anesi,
946 2831 1005 2908 apii
1029 2831 1162 2910 seminiS,
1176 2849 1203 2888 co

148 2917 333 2995 singulorum
353 2914 379 2975 ll
398 2917 514 2998 quinos,
533 2917 717 2996 tragacanthi
736 2917 821 3000 llVl,
839 2917 945 2998 mellis,
963 2919 1024 2978 vini
1042 2916 1163 2978 Falerni

237 3103 506 3176 3cythe...ricem
544 3103 635 3160 ionem
653 3107 724 3176 (sic).
800 3105 976 3160 debellans..
1056 3105 1160 3161 eduo-

147 3179 312 3234 decatheon.
403 3174 521 3232 Sinbic'
536 3176 654 3232 litatem.
744 3176 910 3234 thenosus.
1001 3175 1158 3246 ydropicos.

147 3255 181 3303 10
200 3249 404 3305 difficultatem.
512 3249 663 3317 crepolom.
765 3253 796 3301 11
816 3249 893 3316 poto.
997 3245 1158 3303 stomachis.

136 3325 181 3373 -20
200 3319 284 3378 dicto.
363 3325 397 3374 25
417 3318 547 3373 arteriam
569 3318 728 3374 Gornorius.
802 3324 836 3373 26
858 3318 1025 3372 laborantes.
1093 3323 1159 3386 post

145 3390 339 3446 concoctiones
358 3391 423 3446 add.
442 3389 575 3446 removet.
650 3395 683 3444 28
704 3387 804 3443 seceni.
878 3388 969 3444 flores.
1033 3392 1067 3442 tt
1085 3390 1157 3443 tere-

145 3458 278 3515 bintinee.
352 3458 516 3515 sthorachis.
