2528 3814
512 171 549 181 -
598 134 751 202 284-

70 313 104 360 64
212 296 329 358 Herbae
362 296 582 377 quinquefoliae
613 297 698 358 radix
724 299 755 357 in
783 296 890 358 umbra
917 297 1046 357 ereiacta
1070 315 1140 358 666-

123 395 250 466 1666666
277 394 308 447 61
334 405 370 446 ex
398 388 466 446 vino
494 386 631 465 polentae
658 387 723 446 6166
746 393 815 465 pota
838 387 914 446 mire
937 384 1048 465 6611666
1073 403 1141 446 suc·

69 487 104 538 66
124 477 227 555 666611,
246 475 298 536 sed
317 474 497 536 febricitanti
517 493 553 534 ex
572 493 647 555 aqua
664 473 757 535 calida
772 474 808 535 da
822 474 994 536 bibendum.
1026 473 1141 554 Caprae

123 562 272 624 silvaticae
300 565 384 624 iecur
410 562 590 624 carbonibus
612 565 776 624 inassatum
800 570 830 623 61
852 581 907 642 per
930 581 962 624 se
986 571 1142 642 sumptum

123 651 251 733 66116666
269 651 414 713 remediat
432 652 571 730 idemque
590 652 753 712 arefactum
771 658 802 712 61
820 653 924 713 tritum
944 659 1057 712 etcum
1070 653 1168 712 61666

70 755 104 804 66
123 743 209 820 potui
232 741 333 801 datum
357 742 522 801 certissime
546 739 744 801 auxiliabitur.
786 739 897 801 Caseus
921 742 1020 801 siccus
1043 747 1141 801 trans-

123 831 257 890 marinus
281 836 417 890 vetustus
441 829 556 890 adiecto
580 829 628 890 sili
647 827 757 890 Gallico
782 837 813 890 61
836 827 934 890 sorbis
957 829 1050 889 aridis
1074 827 1141 888 dili·

124 925 230 998 genter
253 916 391 978 omnibus
414 919 493 978 tritis
517 925 547 978 et
571 936 640 978 cum
663 919 724 978 6161
746 919 857 979 6616616
877 919 1005 978 66616616
1025 917 1142 996 cyathis

71 1019 104 1069 66
124 1006 241 1068 duobus
267 1008 353 1084 potui
380 1006 467 1068 datus
491 1005 617 1086 66116666
641 1007 716 1066 mire
740 1015 833 1068 66661.
873 1005 965 1067 Vituli
988 1004 1079 1084 adeps
1103 1023 1141 1066 ex

125 1096 234 1156 femina
262 1093 377 1155 sublata
405 1113 474 1155 oum
502 1113 595 1174 aquae
624 1094 729 1174 6616116
756 1095 854 1156 tribus
878 1095 1000 1155 decocta
1024 1103 1054 1154 et
1077 1109 1184 1154 sor-10

124 1183 247 1244 bitionis
269 1200 353 1242 more
378 1190 495 1261 sumpta
519 1183 629 1262 6611666
653 1182 816 1263 plurimum
839 1183 970 1263 prodest.

71 1283 105 1332 68
215 1269 332 1349 0611666
361 1277 391 1330 61
419 1273 459 1350 ei,
489 1273 541 1350 661
568 1271 766 1332 electionibus
795 1271 840 1332 661
868 1271 1021 1332 doloribus
1045 1272 1142 1331 acutis

125 1357 182 1419 alvi
214 1360 304 1418 variis
336 1357 509 1440 vexabitur,
547 1367 686 1438 potenter
719 1378 896 1441 succurres‚
933 1362 959 1420 si
994 1356 1142 1420 muliebre

125 1447 170 1508 lac
198 1465 286 1526 quam
314 1446 477 1525 plurimum
505 1450 605 1509 ieiuno
634 1451 719 1528 potui
749 1448 882 1531 dederis,
914 1449 1009 1508 donee
1039 1465 1142 1526 persa·

72 1543 224 1597 6966166.
269 1534 436 1596 Haedinum
469 1537 625 1616 coagulum
657 1537 861 1616 magnitudine
893 1536 976 1597 labae
1008 1537 1041 1596 in
1072 1538 1184 1597 616616

125 1631 240 1705 myrteo
264 1627 425 1685 remissum
453 1628 609 1686 61161666
638 1625 749 1704 6611666
776 1627 862 1705 potui
889 1625 991 1686 datum
1014 1624 1142 1686 efficaci·

125 1721 173 1774 ter
195 1713 326 1792 prodest.

73 1813 106 1862 66
215 1801 395 1882 Membrana,
420 1820 495 1880 6666
519 1803 618 1863 estin
642 1801 808 1862 ventriculo
828 1802 961 1884 gallinae,
981 1804 1091 1864 siccata
1111 1811 1144 1864 61

126 1892 196 1951 16116
220 1897 341 1951 etcum
366 1892 433 1950 vino
458 1898 577 1951 6661666
601 1889 712 1970 6611666
736 1892 836 1950 161666
854 1893 940 1970 potui
958 1891 1025 1951 data
1044 1891 1144 1952 mede-

126 1986 186 2061 tur,
209 1981 250 2039 ita
273 1987 307 2039 ut
329 1980 394 2057 ipsa
417 1978 524 2056 gallina
546 1980 631 2058 prius
653 1978 699 2038 661
722 1977 813 2040 biduo
833 1979 1018 2040 abstineatur
1036 1999 1053 2040 a
1072 1977 1140 2041 cibo
1158 1993 1184 2033 ²⁰

127 2076 157 2130 61
185 2070 236 2146 661
264 2069 416 2146 potionem
444 2074 622 2146 accepturus
650 2074 711 2142 est,
738 2075 806 2128 ante
835 2068 914 2128 diem
940 2067 1026 2146 fruge
1050 2071 1089 2130 sit
1112 2076 1144 2129 et

74 2167 187 2216 61666
211 2164 306 2216 cenet.
346 2154 407 2216 066
429 2157 461 2215 16
485 2163 568 2216 66616
593 2173 661 2216 cum
684 2157 770 2216 166116
789 2158 852 2216 suis
870 2164 1018 2217 macerata
1037 2165 1066 2218 61
1084 2157 1143 2217 6116

127 2245 175 2305 die
198 2246 230 2304 in
253 2243 390 2323 patellam
413 2244 511 2305 inlusa
534 2243 636 2323 ibique
659 2251 767 2304 1661616
792 2244 910 2324 66116616
933 2247 965 2304 16
988 2244 1055 2306 cibo
1075 2245 1143 2306 data

126 2332 288 2410 plurimum
312 2341 447 2410 prosunt.

75 2432 108 2481 66
216 2419 363 2480 Pulticula
377 2421 411 2480 111
425 2439 461 2481 ex
475 2421 549 2481 alica
562 2422 647 2500 prius
662 2429 770 2482 tostata
785 2440 872 2501 quam
887 2423 1012 2502 accipiat
1022 2440 1143 2504 aquam3
1157 2435 1186 2476 2⁵

127 2508 225 2568 infusa
253 2527 323 2568 vero
352 2527 427 2588 6666
456 2528 523 2570 6666
551 2512 675 2570 remissa
703 2509 764 2570 illic
792 2513 921 2571 mittitur
945 2518 975 2572 et
998 2510 1069 2572 dum
1093 2529 1142 2571 ex-

76 2609 108 2658 66
129 2597 231 2674 666611
254 2599 418 2676 coagitatur
441 2606 471 2658 61
494 2617 510 2658 6
530 2596 640 2678 6611666
660 2597 752 2659 661116
773 2598 920 2660 sorbetur.
958 2599 1038 2660 Galla
1057 2598 1142 2660 Gom·

128 2702 251 2763 magona
279 2684 465 2746 comburitur
493 2694 524 2746 61
551 2688 626 2747 61616
659 2689 724 2747 6166
757 2689 941 2766 extinguitur
972 2689 1040 2748 6166
1073 2705 1142 2748 666-

77 2775 279 2852 64161166666
307 2775 404 2833 666161
433 2773 535 2854 6611661
568 2775 717 2855 inlinitur,
750 2778 849 2836 statim
881 2775 1027 2837 subvenit.
1072 2775 1141 2835 Flos

129 2861 257 2922 hederae
280 2860 378 2921 tribus
402 2861 501 2940 digitis
526 2871 662 2942 sumptus
684 2863 841 2942 diligenter
860 2867 950 2925 tritus
969 2873 998 2924 et
1017 2883 1054 2924 ex
1073 2867 1184 2924 616666

76 2961 109 3012 66
129 2957 249 3012 6661666
277 2949 388 3029 6611666
411 2952 496 3029 potui
519 2951 605 3012 datus
629 2951 774 3013 medetur.
817 2952 925 3013 Serum
949 2952 1070 3013 ovillum
1092 2951 1142 3012 de·

129 3047 247 3100 coetum
274 3039 306 3098 in
334 3040 402 3099 6166
430 3045 549 3099 6661666
578 3047 608 3100 61
636 3040 763 3101 calidum
790 3043 875 3120 potui
902 3039 1012 3120 6611666
1041 3040 1143 3102 datum

128 3127 286 3188 manifesto
309 3127 440 3187 remedio
465 3129 531 3188 erit.

76 3229 110 3280 66
218 3215 319 3278 Laridi
342 3218 451 3277 veteris
473 3217 594 3295 pinguis
620 3249 657 3258 -
680 3216 733 3297 111,
761 3216 857 3278 mellis
880 3215 952 3277 boni
974 3217 1144 3296 despumati

130 3306 313 3388 tantundem,
332 3307 394 3366 vini
411 3307 521 3367 veteris
540 3307 654 3367 austeri
672 3305 792 3386 cyathos
811 3314 882 3384 1666,
901 3323 1024 3366 ovorum
1044 3313 1142 3366 66616-
1157 3319 1184 3360 66

217 3493 335 3548 116666.
409 3493 562 3550 meotilis.
637 3493 851 3564 25666666611.
924 3499 959 3550 30
977 3494 1106 3551 haedere.
