2528 3814
547 135 787 200 -264-
1238 179 1240 206 t

104 315 138 367 88
247 299 431 379 Ungularum
449 316 632 378 aprunarum
650 306 823 359 exustarum
842 301 917 359 81818
931 301 1045 378 potioni
1059 303 1177 380 insper-

104 405 138 455 88
159 408 211 451 888
232 388 396 469 plurimum
420 390 523 449 urinae
543 387 732 448 difficultates
751 389 841 448 iuvat.
873 387 997 467 Leporis
1014 388 1176 451 cerebrum
1240 413 1241 422 ¹

158 482 190 540 in
214 480 282 538 vino
311 477 425 538 utiliter
448 476 563 538 bibitur
586 478 711 556 eiusque
734 475 866 536 testiculi
888 479 990 538 tostati
1013 477 1174 540 salubriter

105 582 138 632 81
158 567 376 630 manducantur
399 564 436 626 ab
460 584 504 646 eo,
528 567 580 644 qui
603 567 734 626 vessicae
757 563 902 626 molestiis
921 564 1043 627 laborat.
1081 569 1172 628 Anse-
1241 629 1242 650 ,

157 675 225 719 rum
243 655 425 717 silvestrium
444 654 562 734 linguae
581 661 694 714 assatae
709 653 871 714 efficaciter
885 662 1045 715 sumuntur
1059 657 1092 715 in
1107 655 1194 718 cibos

104 758 138 808 88
158 765 173 807 a
197 744 362 807 calculosis.
400 743 515 824 Cymini
540 775 579 788 -
600 741 622 824 l,
645 749 729 803 rutae
749 775 791 784 -
811 741 832 822 l,
854 744 967 822 piperis
990 746 1174 806 semunciam

157 842 238 895 teres
262 831 420 912 diligenter
443 839 474 893 et
496 831 630 893 cocleare
653 830 775 910 plenum
798 833 829 891 in
852 833 929 891 meri
950 834 1059 893 veteris
1078 836 1173 912 potio·

158 941 227 984 nem
255 924 356 983 mittes
384 929 415 982 et
437 939 531 1001 aquae
559 919 639 999 quod
663 920 792 980 sufficiat
814 919 938 1000 adicies3
966 928 1069 1000 postea
1094 923 1175 983 ierro

158 1011 297 1073 candenti
327 1011 445 1089 saepius
472 1013 604 1071 inmerso
633 1007 787 1070 calefacies
819 1017 849 1069 et
880 1011 981 1070 ieiuno
1009 1007 1175 1072 bibendum
1243 1058 1244 1092 ,

104 1113 137 1163 89
158 1101 250 1180 dabis,
269 1099 475 1160 efficacissime
494 1097 653 1159 subvenies
673 1098 842 1176 strangurio
856 1096 1011 1160 laboranti.
1044 1099 1176 1179 Spongia
1190 1116 1210 1154 19
1243 1093 1244 1164 ἶ

158 1207 194 1249 ex
226 1187 303 1247 rubo
336 1189 450 1248 rosario
479 1189 590 1266 agresti
619 1194 737 1264 sumpta
765 1194 795 1246 81
822 1204 898 1266 aqua
925 1187 1045 1268 frigida,
1078 1189 1175 1249 donec

157 1275 316 1357 madescat,
334 1283 482 1336 macerata
501 1293 535 1335 88
554 1275 662 1336 deinde
680 1277 750 1335 trita
770 1282 801 1335 et
819 1293 854 1335 ex
874 1292 949 1356 aqua
965 1294 1020 1355 per
1038 1277 1176 1339 triduum
1244 1340 1245 1362 ,

104 1379 138 1426 90
157 1366 242 1444 potui
270 1364 337 1425 data
365 1363 527 1425 efficaciter
556 1362 720 1424 calculosos
744 1363 889 1424 emendat
934 1363 1030 1426 Piscis
1054 1369 1174 1445 scorpio
1244 1367 1245 1374 ’

103 1466 137 1514 81
157 1460 273 1514 8888188
292 1455 323 1513 18
342 1451 409 1513 cibo
429 1459 566 1532 sumptus
585 1453 697 1532 optime
716 1451 864 1513 calculoso
883 1452 1014 1532 prodest
1048 1454 1174 1516 Cocleae

156 1544 273 1623 inanes,
301 1541 332 1602 id
360 1549 406 1603 881
433 1544 498 1603 8188
526 1559 615 1602 88888
644 1559 711 1622 sua,
743 1543 880 1602 inventae
909 1550 1050 1604 contusae
1084 1553 1115 1605 et
1143 1546 1176 1604 in
1191 1559 1213 1598 15

156 1631 310 1712 pulverem
333 1632 544 1692 tenuissimum
565 1630 702 1691 redactae
721 1631 753 1690 in
771 1631 892 1708 potione
911 1630 1068 1692 calculosis
1087 1633 1176 1694 datae

104 1733 138 1781 88
157 1720 324 1782 medentur.
367 1719 500 1799 Ungulae
529 1721 654 1799 equinae
684 1717 803 1779 scobem
826 1718 873 1779 vel
896 1727 1018 1780 exustae
1041 1723 1177 1783 cinerem

104 1811 184 1870 8881
207 1809 375 1871 calculosus
398 1811 429 1869 in
452 1811 604 1888 potionem
623 1809 781 1888 acceperit,
800 1809 859 1868 cito
879 1808 1041 1870 sanabitur.
1073 1809 1176 1885 Herba

157 1900 315 1979 saxifraga,
345 1900 371 1960 si
394 1916 430 1958 ex
454 1897 519 1958 oleo
543 1905 574 1958 et
596 1896 757 1976 liquamine
780 1895 991 1978 manducetur,
1019 1900 1098 1960 intra
1122 1903 1176 1962 tri-

156 1987 249 2048 duum
272 1986 401 2048 calculos
425 1986 574 2047 dissolvet.
1191 2004 1215 2042 ao

102 2087 137 2135 94
245 2075 408 2137 (1818818818
427 2082 569 2154 expertus
588 2073 723 2134 adfirmat
741 2073 958 2135 incredibiliter
974 2078 1113 2136 succurri
1128 2095 1176 2138 re-

156 2165 253 2226 medio
276 2164 337 2246 tali,
361 2165 387 2224 si
409 2163 536 2244 hircum,
559 2161 666 2222 melius
689 2163 715 2222 si
738 2169 896 2244 agrestem,
919 2162 1026 2226 melius
1046 2167 1072 2224 si
1090 2169 1176 2226 anni·

156 2253 258 2314 culum
284 2262 315 2313 et
344 2255 369 2313 si
396 2269 499 2313 mense
526 2251 660 2329 Augusto
689 2249 809 2311 claudas
836 2250 902 2312 loco
930 2254 1010 2313 sicco
1039 2271 1094 2331 per
1120 2257 1175 2315 tri-

156 2341 261 2422 duum,
289 2349 324 2401 ut
351 2343 379 2401 81
407 2339 484 2402 88188
511 2339 613 2400 188888
636 2339 767 2400 edendas
790 2339 1001 2402 subministres
1024 2353 1055 2402 81
1078 2361 1174 2423 aquae

155 2428 228 2489 nihil
255 2431 393 2510 accipiat3
421 2429 458 2489 ad
484 2435 670 2508 postremum
693 2430 783 2488 tertio
807 2429 868 2507 die,
896 2429 927 2490 id
951 2431 1216 2494 8818811881885

156 2525 206 2578 aut
230 2516 317 2599 Solis,
340 2517 466 2579 occidas.
499 2516 605 2578 Melius
629 2523 728 2577 autem
752 2518 817 2591 erit,
842 2519 869 2578 si
891 2525 992 2580 castus
1014 2538 1173 2600 purusque

157 2607 247 2667 fuerit
274 2614 305 2667 et
334 2609 386 2685 qui
413 2605 523 2668 occidit
546 2613 576 2666 81
598 2607 651 2684 qui
673 2607 800 2684 accipiet
822 2607 995 2668 remedium.
1042 2607 1173 2671 Exsecto

155 2696 247 2772 igitur
275 2703 397 2774 gutture
426 2697 492 2757 eius
520 2695 640 2772 sangnis
668 2695 830 2775 excipitur3
862 2695 979 2777 utilius,
1008 2699 1034 2757 si
1062 2697 1099 2758 ab
1127 2700 1173 2758 in-

156 2782 288 2845 vestibus
315 2785 418 2863 pueris
446 2784 624 2862 excipiatur3
653 2781 841 2843 comburitur
868 2786 899 2844 in
922 2803 991 2846 vaso
1015 2786 1099 2846 lictili
1121 2806 1172 2847 us·

156 2891 213 2952 que
233 2872 269 2933 ad
288 2873 430 2933 cinerem.
464 2871 521 2932 Vas
540 2878 648 2951 autem,
670 2872 780 2950 inquo
800 2871 972 2949 torrebitur,
996 2882 1171 2952 coopertum
1187 2887 1214 2928 ³0

155 2970 185 3022 ot
212 2961 331 3022 inlitum
358 2978 450 3041 gypso
477 2962 509 3020 in
539 2960 660 3021 furnum
689 2961 838 3041 mittetur3
866 2961 945 3041 quod
969 2981 1037 3024 cum
1059 2980 1170 3041 vapore

155 3053 310 3131 exemeris,
333 3051 365 3111 in
387 3049 541 3129 pulverem
564 3056 702 3110 conteres
725 3067 842 3110 necnon
866 3057 896 3110 et
918 3051 1059 3130 polypum
1082 3055 1172 3114 mari·

154 3158 226 3201 num
259 3140 434 3222 identidem,
466 3147 500 3200 ut
528 3138 601 3220 dixi,
634 3145 772 3199 exustum
802 3140 833 3198 in
861 3138 1015 3217 pulverem
1042 3141 1171 3220 rediges.

244 3293 385 3351 2iuvanl.
432 3293 572 3348 3818888.
623 3295 656 3344 10
675 3291 834 3360 stranguria
853 3289 1012 3348 Carnarius.
1068 3293 1170 3362 sphon-

155 3363 227 3433 giae.
302 3363 478 3421 1818111888,
553 3366 586 3416 15
606 3377 672 3416 oasu
690 3363 755 3417 adol.
775 3362 987 3417 881818888188
1007 3363 1169 3422 0888888188,

156 3438 189 3488 18
209 3435 371 3491 calculosos.
467 3441 502 3490 88
521 3433 658 3490 dissolvet
675 3433 788 3500 scripsi:
806 3433 937 3488 88881881.
1033 3439 1067 3488 81
1087 3434 1171 3490 adfir-

154 3503 260 3559 mirfat.
333 3511 367 3560 88
387 3506 556 3576 agniculum.
631 3509 663 3558 31
683 3501 782 3572 vapori
803 3501 961 3560 0888888888.
