2636 3790
205 263 565 340 ’1111111111
596 260 963 336 MEDICAMENTIS
994 261 1149 334 uiuus.

433 533 435 538 ·
495 501 549 558 Ad
572 387 704 570 saperda}
714 387 877 558 ulcionem.

107 628 112 690 ἶ
146 635 159 681 1
268 619 312 678 Ad
332 620 438 697 capitis
457 617 589 679 dolorem
603 620 692 678 etiam
706 619 738 677 in
751 615 830 676 febri
843 617 948 694 primis
962 614 1069 676 diebus
1083 617 1196 676 incom·
1280 613 1281 638 ³

180 707 260 769 modi
275 707 397 787 serpulli
411 739 455 790 ῥ-
469 707 496 784 l,
516 725 607 772 rosae,
616 707 715 766 aridae
733 739 770 751 —-
782 704 810 765 ll
822 707 1026 782 lucoquoutur
1040 721 1109 764 cum
1123 703 1196 764 duo·

180 797 237 858 hus
257 798 393 858 sextariis
407 797 484 856 aocti
498 797 644 875 acerrimi,
664 795 758 854 donec
773 793 809 854 ad
828 793 964 854 dimidias
983 792 1195 876 perducantur.

179 886 251 946 Inde
280 887 408 946 sumitur
431 883 554 964 cyathus
579 891 608 944 et
631 882 748 944 duobus
771 900 856 942 rosae
880 881 993 960 cyathis
1017 881 1093 943 bene
1116 899 1196 941 oom-

180 977 325 1036 miscetur
356 974 589 1052 frequenterque
620 980 807 1032 curatores
836 989 871 1030 eo
899 977 1002 1050 caput3
1032 968 1087 1030 uhi
1115 971 1223 1032 enims

181 1063 305 1123 incaluit
333 1061 412 1140 quod
440 1061 573 1121 infusum
600 1068 661 1140 est,
693 1062 753 1120 nisi
779 1077 885 1119 recens
913 1057 1070 1138 adiciatur,
1098 1065 1196 1120 uocet.

147 1151 256 1211 altem
283 1149 407 1230 prodest
434 1149 537 1208 eodem
566 1149 654 1210 modo
682 1157 753 1209 ruta
775 1166 829 1227 per
853 1165 884 1207 se
908 1145 955 1207 vel
976 1165 1045 1208 cum
1068 1145 1196 1208 hederae

182 1239 264 1299 bacis
292 1239 414 1298 dococta
442 1245 472 1297 et
499 1239 590 1314 capiti
619 1237 718 1314 tepide
742 1237 847 1296 inlusa.
889 1234 1053 1314 Polygonos
1077 1253 1196 1315 quoque

181 1327 287 1407 herba,
315 1344 393 1406 quae¹
417 1324 520 1386 Latine
550 1327 738 1403 sanguinaria
767 1325 891 1405 dioitm,
915 1332 945 1384 et
972 1331 1071 1386 menta
1094 1323 1196 1384 multis

182 1416 295 1495 profuit
322 1415 425 1474 eadem
453 1415 568 1474 ratione
596 1413 718 1474 decocta
747 1423 777 1473 et
801 1414 891 1491 capiti
913 1413 1020 1472 infusa.
1056 1411 1195 1474 Dolorem
1210 1427 1237 1467 10

183 1507 287 1584 capitis
316 1503 394 1563 levat
422 1501 589 1581 sfondylion
617 1509 648 1562 ct
675 1503 743 1580 agui
772 1519 873 1562 semen
901 1508 932 1561 et
954 1500 1065 1580 platani
1087 1500 1197 1580 pilulae

183 1593 320 1653 similiter
348 1599 431 1652 aceto
458 1593 593 1652 incoctae
621 1608 748 1669 rosaque
777 1589 889 1669 duplici
911 1607 1050 1650 mensura
1074 1589 1197 1668 simplae

183 1683 260 1743 aceti
283 1683 455 1761 commixta,
483 1681 572 1740 sicuti
596 1687 626 1740 et
648 1678 810 1758 polygonos
839 1680 978 1756 superius
1006 1678 1085 1740 dicta
1108 1678 1198 1740 debet

148 1783 164 1830 3
184 1772 323 1851 excoqui,
351 1770 381 1830 id
405 1776 452 1830 est
474 1787 508 1828 ea
532 1786 608 1847 quae
632 1769 820 1846 sanguinaria
843 1767 962 1829 dicitur.
1000 1766 1073 1828 Cum
1097 1775 1197 1830 amem

183 1859 319 1940 plurimis
343 1857 449 1919 diebus
467 1859 610 1918 manserit
629 1856 713 1918 dolor
732 1857 846 1936 capitis,
869 1863 934 1917 tum
952 1857 1085 1916 omnium
1106 1874 1197 1935 supra
1211 1869 1239 1910 1⁵

183 1948 331 2008 dictorum
358 1953 477 2027 oportet
505 1947 608 2006 uncias
641 1944 771 2024 singulas
800 1946 878 2006 sumi
904 1945 1011 2024 hisque
1039 1945 1198 2006 admisceri

183 2036 260 2098 lauri
282 2035 436 2113 bacarum,
464 2037 604 2114 castorei,
631 2053 742 2095 nucum
767 2051 946 2114 amararum,
974 2031 1070 2112 pulei,
1094 2033 1198 2095 sabuci

184 2125 322 2186 loliorum
356 2127 458 2185 uncias
491 2122 622 2200 singulas
651 2131 681 2183 et
708 2125 785 2183 aceti
810 2124 949 2184 sextariis
977 2129 1119 2200 quattuor
1146 2123 1196 2183 de·

184 2231 313 2292 coquere
333 2213 369 2272 ad
386 2211 524 2272 dimidias
538 2220 568 2270 et
583 2210 686 2270 eoden
702 2211 790 2270 modo
804 2229 872 2270 rosa
886 2211 1015 2272 admixta
1029 2211 1197 2294 dupliciter,

147 2312 165 2360 4
185 2301 237 2362 sed
260 2319 319 2360 non
343 2310 403 2360 tam
426 2301 599 2378 frequenter
622 2307 712 2377 caput
733 2317 849 2360 curare.
886 2300 930 2360 Ad
954 2317 1073 2360 omnem
1092 2302 1197 2379 capitis
1211 2313 1239 2356 20

184 2388 317 2450 dolorem
348 2389 510 2448 efficaciter
542 2387 664 2466 prodest
695 2388 879 2448 medicamen
911 2388 984 2450 tale:
1021 2387 1197 2468 Grocomag·

183 2479 271 2538 matis
291 2509 332 2522 -·-
352 2477 379 2557 l,
407 2474 552 2536 aluminis·
573 2477 660 2536 scissi
688 2476 734 2536 rel
757 2476 848 2556 gallae
868 2509 909 2524 -·
929 2477 956 2558 l,
983 2477 1055 2537 haec
1079 2479 1138 2538 teri
1161 2496 1197 2538 er
1273 2495 1274 2498 ’

184 2569 246 2627 acri
270 2573 353 2626 aceto
376 2573 407 2625 et
429 2582 498 2624 rosa
521 2563 648 2642 duplicis
666 2565 807 2643 ponderis
825 2567 957 2627 vicissIm
975 2565 1089 2626 adiecta
1108 2583 1197 2644 opor-

184 2663 242 2736 tet,
269 2672 365 2732 usque
394 2653 464 2714 dum
492 2651 587 2712 mellis
615 2652 743 2714 habeant
766 2654 992 2733 spissitudinem
1015 2661 1104 2733 atquc
1127 2654 1197 2716 inde
1280 2683 1281 2762 q

148 2752 165 2801 5
184 2744 313 2804 lroutem
333 2750 362 2803 et
381 2743 531 2820 utrimque
550 2749 684 2820 tempora
703 2741 845 2802 oblinere.
875 2743 919 2802 Ad
935 2744 1040 2822 capitis
1055 2742 1238 2826 doloremne
1280 2763 1281 2818 y

151 2843 252 2892 *cum
275 2833 493 2910 inveteraverit,
516 2829 592 2890 hene
616 2829 686 2890 lacit
708 2829 781 2891 haec
803 2833 982 2910 conpositio:
1004 2829 1119 2910 llyrrae
1135 2831 1161 2891 ll
1175 2831 1197 2914 l,
1280 2833 1281 2914 J

185 2922 266 2981 croci
284 2919 310 2980 x
329 2919 368 3001 ll,
396 2918 614 2998 amygdalarum
638 2917 723 3000 llll,
750 2927 835 2980 rutae
863 2919 967 2979 viridis
992 2918 1088 3000 lilll,
1118 2919 1195 2981 slon-
1280 2933 1281 2976 3

184 3008 256 3088 dylii
270 3017 300 3069 ct
313 3009 433 3088 panacis
447 3007 473 3067 ll
488 3006 629 3088 singulos,
644 3006 720 3067 lauri
734 3006 874 3069 bacarum
888 3007 973 3088 lllll,
989 3006 1112 3086 serpulli
1126 3007 1197 3092 llll,

255 3179 399 3234 uuuobus
412 3193 493 3232 rosae
508 3176 617 3248 cyathis
632 3194 681 3232 om.
745 3195 817 3248 pene
833 3176 1039 3234 cummiscetur.
1114 3185 1198 3248 'iper
1280 3171 1281 3176 ἵ

185 3267 214 3305 se
228 3267 278 3305 om.
326 3254 360 3302 10
378 3247 473 3318 tepide
491 3255 555 3304 cute
575 3248 667 3302 infusa
688 3250 751 3304 add.
772 3249 937 3304 Carnarius.'
981 3253 1014 3302 11
1035 3247 1196 3306 sfondilion.

183 3321 297 3392 hyagni.
372 3325 404 3373 12
428 3337 493 3374 rose
510 3335 622 3388 quoque
643 3318 802 3376 Carnarius.
867 3318 976 3374 simble.
1060 3325 1093 3374 13
1112 3321 1197 3376 dicio.

185 3397 219 3446 14
237 3407 390 3462 exquoque.
464 3396 497 3446 17
515 3391 645 3446 nochum·
719 3396 753 3444 21
769 3389 976 3446 crocoacmetis.
1051 3397 1197 3462 1711173-

184 3462 312 3518 dalarum
329 3477 486 3518 amararum
505 3461 665 3518 odoarius.
