2540 3802
523 156 768 220 -178-

137 324 322 382 misceantur
340 320 438 379 omnia
457 317 616 397 diligenter
634 320 784 397 mixtaque
801 320 989 397 coagitentur
1003 318 1039 378 ad
1054 318 1153 379 focum

139 420 169 471 et
192 409 365 488 refrigerata
389 409 421 468 in
440 406 518 467 dolio
538 408 631 467 vitreo
651 414 843 486 reponantur,
863 406 972 487 quibus
991 425 1060 468 cum
1079 425 1155 487 opus

139 499 231 559 fuerit
254 499 349 558 ceroti
371 514 454 556 more
478 497 579 557 uteris.

103 600 119 647 3
228 585 360 648 Cervicis
388 583 472 645 dolor
495 582 679 664 inflexibilis,
705 601 794 662 quem
813 583 1025 664 opisthotonon
1049 583 1155 644 Graeci

138 686 253 756 vocant,
276 674 390 735 levatur
411 675 497 734 urina
517 691 623 752 caprae
642 671 764 733 auribus
783 673 881 734 infusa
900 680 951 733 aut
970 671 1061 733 bulbo
1080 674 1180 732 tritos

139 783 207 826 cnm
230 765 299 824 fimo
323 762 456 824 eiusdem
481 779 586 841 caprae
609 762 720 822 cervici
745 760 845 842 inlito;
873 761 926 822 sed
954 760 1028 822 nihil
1051 760 1156 821 utilius

139 862 185 914 est
208 852 424 914 medicamento
448 850 495 910 dia
519 857 634 910 straton
658 849 695 910 de
718 849 804 929 adipe
828 850 945 911 diversa
967 850 1054 929 facto,
1075 849 1156 928 quod

104 953 121 1000 4
141 959 231 1022 supra
255 943 401 1020 scriptum
424 947 478 1000 est.
516 938 560 999 hd
584 939 734 999 cervicum
758 938 876 999 dolores
899 938 1065 999 remedium
1083 937 1156 1019 phy-

141 1033 236 1092 sicum
255 1032 312 1090 sic:
330 1028 452 1089 Ieiunus
471 1028 606 1088 dextram
624 1045 743 1087 manum
759 1026 849 1088 saliva
867 1035 955 1106 tange
974 1035 1004 1088 et
1018 1027 1157 1087 dextrum

141 1119 283 1198 poplitem
306 1118 448 1197 perfrica,
477 1116 584 1176 deinde
610 1117 730 1176 sinistra
753 1134 843 1176 manu
866 1117 1022 1177 sinistrum
1045 1122 1075 1176 et
1098 1115 1200 1176 hoc1o

106 1218 122 1266 5
141 1215 188 1268 ter
206 1224 260 1285 per
280 1205 412 1284 singulos
431 1203 677 1284 poplites-facito,
700 1200 800 1265 statim
820 1203 1007 1266 remediabis.
1043 1203 1157 1284 Butyro

105 1307 121 1355 a
141 1303 171 1355 et
187 1294 273 1373 adipe
288 1295 390 1354 ursina
404 1300 567 1372 perunctae
582 1295 713 1354 cervices
730 1295 830 1354 statim
844 1293 1036 1354 sanabuntur.
1063 1291 1158 1353 Cerae

142 1381 290 1463 selibram,
307 1381 365 1442 olei
379 1383 495 1460 cyprini
509 1380 656 1461 selibram,
671 1381 812 1443 absinthii
826 1381 929 1442 viridis
944 1383 1063 1443 contusi
1079 1380 1158 1441 —ll

141 1470 230 1532 simul
254 1471 290 1531 ad
313 1473 412 1549 ignem
435 1471 582 1548 permisce
610 1478 641 1530 et
667 1489 722 1549 pro
751 1478 852 1532 ceroto
880 1478 966 1532 attere
992 1471 1028 1530 ad
1052 1488 1158 1530 omnes

106 1571 121 1619 7
141 1561 291 1622 cervicum
314 1559 440 1620 dolores.
477 1557 569 1638 Rigor
588 1561 713 1620 cervicis
731 1560 817 1638 adipe
836 1561 973 1620 anserina
991 1558 1037 1620 vel
1055 1560 1159 1638 potius
1173 1575 1200 1617 1⁶

105 1661 122 1710 8
141 1652 247 1730 gruina
269 1656 434 1728 perunctus
454 1647 638 1708 velocissime
657 1647 815 1709 mollietur.
851 1648 914 1708 Fici
932 1647 1000 1708 folia
1020 1657 1051 1708 et
1068 1665 1159 1726 poma

141 1738 275 1800 eiusdem
298 1740 447 1798 inmatura
470 1738 598 1798 contrita
622 1745 652 1797 et
674 1737 802 1816 inposita
828 1738 938 1798 cervici
966 1735 1159 1797 subveniunt.

105 1839 121 1887 9
229 1825 395 1888 Nervorum
419 1827 551 1886 omnium
575 1818 667 1904 rigori
691 1833 721 1885 et
743 1824 987 1905 perfrictionibus
1007 1827 1066 1886 cito
1086 1824 1158 1886 sab·

141 1918 259 1977 venitur
281 1915 454 1994 malagmate
478 1915 542 1976 tali:
570 1913 635 1974 Olei
658 1913 766 1974 laurini
789 1913 820 1974 P.
840 1914 861 1994 l,
885 1916 1002 1974 resinae
1025 1913 1158 1974 terebin-

141 2005 241 2066 thinae
268 2003 299 2064 P.
327 2004 349 2086 l,
380 2005 456 2082 picis
488 2002 617 2083 liquidae
644 2001 675 2062 P.
703 2001 729 2082 l,
764 2004 907 2081 axungiae
935 2005 1044 2063 veteris
1071 2001 1104 2062 P.
1133 2001 1156 2062 l.
1173 2019 1201 2059 so

141 2093 278 2154 Decoctis
302 2100 333 2152 et
355 2094 510 2171 permixtis
535 2110 593 2152 una
615 2091 663 2151 his
687 2091 844 2171 speciebus
867 2093 953 2152 nervi
973 2093 1105 2170 rigentes
1125 2099 1158 2151 et

142 2183 248 2242 offensi
271 2179 430 2240 salubriter
453 2180 660 2259 perfricantur.

89 2282 122 2331 10
230 2268 465 2347 0pistbotonicis
489 2276 519 2328 et
539 2270 676 2329 tetanicis
694 2267 799 2329 lotium
818 2271 973 2348 caprinum
992 2285 1060 2328 cum
1080 2285 1160 2346 aqua

89 2370 121 2418 11
142 2360 268 2418 mixtum
282 2357 443 2417 efficaciter
456 2355 587 2436 prodest,
607 2359 632 2417 si
649 2358 757 2418 ieiunis
771 2359 856 2436 potui
870 2357 966 2417 detur.
999 2355 1160 2416 Summum

142 2445 370 2526 opisthotonicis
389 2452 419 2505 et
437 2443 600 2506 arthritiois
619 2445 784 2506 remedium
803 2453 833 2506 et
851 2445 953 2506 multis
968 2446 1158 2522 experimen·
1175 2462 1204 2503 25

142 2537 180 2596 tis
204 2532 363 2614 probatum
385 2533 544 2593 conficitur
567 2535 623 2594 sic:
656 2533 802 2614 Castorei,
824 2535 938 2612 piperis
962 2532 1032 2612 albi,
1056 2540 1158 2612 petro·

142 2623 229 2684 solini
252 2621 389 2700 aequales
412 2623 565 2701 portiones
589 2620 678 2682 simul
701 2622 809 2683 tundes
838 2631 867 2682 et
895 2620 1041 2683 cribrabis
1065 2629 1159 2700 atque

141 2712 210 2773 inde
240 2709 372 2771 cocleare
401 2728 495 2770 unum
514 2728 591 2780 ¹cnm
623 2729 684 2771 uno
712 2711 839 2772 cocleari
870 2711 966 2771 mellis
998 2717 1029 2770 et
1061 2727 1159 2788 aquae

143 2799 253 2862 ceddae
277 2798 390 2879 cyathis
413 2798 530 2860 duobus
553 2800 653 2859 ieiuno
677 2799 713 2860 ad
737 2799 816 2860 diem
839 2798 931 2860 dabis.

91 2901 123 2950 12
232 2887 339 2948 Farina
366 2886 419 2947 lini
447 2889 568 2948 seminis
596 2887 695 2948 addito
723 2889 803 2948 nitro
836 2907 872 2948 ex
901 2889 970 2948 vino
998 2886 1093 2948 calido
1125 2889 1160 2949 iu
1176 2905 1206 2946 ao

142 2977 263 3039 modum
286 2975 469 3056 malagmatis
492 2984 675 3055 temperatur
701 2984 731 3037 et
753 2979 907 3057 inponitur
930 2978 1081 3038 cervicum
1105 2975 1161 3036 do-

90 3079 123 3128 13
142 3066 208 3148 lori,
227 3068 327 3128 statim
345 3064 490 3127 medetur.
522 3064 629 3125 farina
648 3084 766 3144 quoque
784 3065 890 3127 hordei
908 3083 977 3127 curn
996 3065 1055 3126 ficu
1074 3065 1162 3125 arida

8 3157 10 3161 ’
90 3169 125 3216 14
144 3165 232 3218 tunsa
259 3157 404 3234 permixta
432 3163 462 3216 et
489 3155 617 3232 inposita
645 3154 723 3214 idem
754 3163 891 3233 praestat.
937 3153 1092 3214 Lenticula
1126 3155 1162 3214 in

144 3253 226 3306 aceto
246 3245 378 3306 discocta
397 3242 563 3304 cervicibus
583 3243 764 3321 malagmatis
783 3261 865 3304 more
884 3243 1018 3322 adposita
1036 3241 1161 3302 dolores

91 3343 124 3392 15
144 3352 245 3394 earum
273 3335 397 3412 mitigat.
443 3331 486 3392 Ad
516 3333 666 3392 cervicum
694 3339 826 3391 tumores
854 3331 1000 3392 sedandos
1031 3348 1162 3392 ovorum
1178 3347 1209 3388 as

143 3419 235 3481 vitelli
262 3425 339 3483 cocti
368 3439 436 3482 cum
464 3420 550 3499 adipe
578 3421 714 3481 anserina
741 3419 919 3480 inliniuntur
942 3417 1009 3479 felle
1032 3421 1162 3498 caprino

145 3512 247 3587 aequis
271 3509 453 3588 ponderibus
476 3511 623 3587 permixto
648 3518 736 3587 atque
760 3507 828 3567 inde
850 3509 981 3568 cervices
1000 3507 1163 3569 fricantur.
