2636 3790
609 123 805 186 ..2-

163 302 181 351 4
200 286 334 346 cessione
350 302 436 363 opem
450 285 648 344 necessariam
663 287 907 364 curationemque
921 284 1092 364 praestabit.
1120 285 1218 346 Cuius

200 375 341 435 scientiae
361 373 505 433 beneficia
520 374 583 432 vice
602 381 705 434 mutua
724 375 855 434 caritatis
873 373 1019 434 humanae
1036 391 1105 435 cum
1120 377 1218 435 omni-

198 462 255 523 bus
278 462 413 541 infirmis,
437 463 549 542 amicis,
573 464 652 522 notis
675 463 854 542 ignotisque,
876 464 967 522 immo
986 481 1056 522 vero
1076 481 1145 522 cum
1166 463 1218 522 ad·

198 552 282 612 venis
304 552 398 628 magis
422 557 452 610 et
475 549 665 630 pauperculis
688 553 909 611 communicare
933 549 1060 632 debetis,
1090 553 1159 629 quia
1186 559 1217 612 et

200 640 255 700 deo
275 641 425 718 acceptior
440 646 470 699 et
483 639 597 698 homini
611 639 786 699 laudabilior
800 639 1013 719 misericordia,
1033 657 1108 718 quae
1123 658 1216 718 aegro
1232 660 1247 700 5

163 743 180 793 5
199 729 311 808 hospiti
329 747 363 789 ao
382 729 541 806 peregrino
557 745 710 806 egenoque
725 728 867 789 delentur.
897 727 1003 788 Moneo
1019 746 1098 810 sane,
1113 730 1139 788 si
1155 747 1216 808 qua

199 819 311 880 luerint
329 816 458 895 paranda
478 815 681 896 medicamina,
701 834 738 876 ne
752 816 864 896 absque
879 816 993 877 medico
1013 825 1065 877 aut
1082 819 1217 877 incurio-

200 909 262 967 sius
290 913 496 984 conponantur
524 912 575 966 aut
602 904 794 984 indiligenter
820 904 994 966 habeantur.
1040 904 1114 965 Nam
1143 905 1217 966 licet

200 995 396 1055 attentissime
421 996 535 1072 species
559 1002 590 1054 et
613 1011 768 1054 mensuras
792 997 959 1072 specierum
984 994 1124 1054 remediis
1149 995 1215 1072 qui-

199 1082 315 1161 busque
334 1081 520 1161 adscripsero
541 1089 572 1142 et
589 1084 723 1160 ipsarum
743 1100 950 1144 mensurarum
972 1090 1057 1143 notas
1076 1082 1121 1142 vel
1140 1100 1261 1161 pon-10

200 1172 304 1233 derum
328 1169 484 1248 qualitates
509 1170 672 1231 secundum
696 1169 838 1231 Graecam
862 1171 1051 1232 traditionem
1072 1178 1102 1231 et
1121 1171 1214 1230 medi-

200 1277 303 1320 corum
327 1266 461 1319 veterum
485 1259 733 1320 consuetudinem
762 1277 896 1320 seorsum
920 1259 1018 1320 libello
1042 1259 1112 1319 huic
1135 1261 1214 1319 inse-

199 1366 289 1409 ruero
313 1355 343 1407 et
364 1365 424 1407 non
448 1347 543 1407 solum
566 1347 706 1428 Romana,
730 1347 782 1408 sed
806 1350 895 1408 etiam
918 1346 1004 1408 Graia
1028 1349 1214 1426 expositione

200 1438 361 1516 digessero,
384 1443 484 1496 tamen
503 1455 519 1496 e
538 1453 572 1496 re
591 1443 645 1516 est,
662 1445 696 1497 ut
714 1436 787 1496 haec
806 1436 909 1497 eadem
929 1453 998 1497 cum
1018 1435 1213 1514 peritioribus

200 1527 392 1586 conferantur
415 1543 448 1585 ac
473 1526 591 1603 saepius
614 1532 816 1585 retractentur
839 1533 870 1585 et
892 1543 967 1604 quae
991 1525 1126 1585 confecta
1149 1524 1212 1585 lue·
1228 1545 1259 1585 15

199 1617 261 1674 rint
283 1613 330 1674 vel
352 1621 453 1692 parata
477 1613 669 1674 medicamina
694 1612 750 1674 sub
770 1613 929 1692 signaculis
949 1630 1067 1691 semper
1085 1611 1213 1673 habean-

199 1712 263 1783 tur,
287 1720 324 1763 ne
348 1709 400 1762 aut
423 1719 510 1762 casus
533 1701 645 1762 incidat
668 1711 720 1763 aut
743 1701 909 1780 malignitas
932 1701 1057 1762 alicuius
1081 1700 1213 1781 obrepat,

201 1809 275 1871 quae
304 1789 441 1852 benivole
466 1797 496 1850 et
519 1792 636 1851 sincere
659 1797 762 1869 parata
785 1799 965 1871 corrumpat,
989 1793 1087 1868 sitque
1111 1789 1147 1849 de
1167 1807 1212 1849 re-

199 1880 296 1941 medio
324 1897 472 1940 venenum
505 1887 535 1940 et
565 1879 601 1940 de
633 1878 806 1940 salubritate
836 1881 985 1958 pernicies
1016 1879 1212 1956 culpeturque

165 1969 359 2048 emedicina,
392 1986 461 2028 cum
498 1970 630 2047 peccarit
665 1970 788 2028 incuria.
838 1967 872 2028 In
905 1985 1020 2028 summa
1058 1984 1105 2026 me
1137 1965 1211 2026 haec
1227 1987 1257 2028 ao

200 2057 327 2136 benigne
350 2074 470 2136 parasse
490 2064 637 2117 ettamen
657 2057 812 2135 superbis
831 2059 982 2116 monuisse
1003 2055 1139 2134 sufficiet,
1160 2073 1212 2115 vos

200 2145 323 2226 perinde
352 2146 471 2204 sanitati
499 2153 614 2205 vestrae
642 2151 731 2222 atque
759 2147 892 2223 opinioni
919 2163 1002 2205 meae
1025 2142 1212 2204 consuluisse

201 2235 365 2294 conveniet.
394 2231 544 2309 Epistulas
559 2251 678 2311 quoque
692 2251 805 2307 eorum,
826 2252 953 2312 quorum
967 2233 1099 2294 studium
1114 2250 1212 2292 aemu-

200 2322 292 2382 latum
316 2338 362 2379 me
387 2337 452 2380 esse
481 2323 600 2402 scripsi,
628 2321 697 2382 buio
722 2324 818 2402 operi,
846 2340 883 2381 ne
913 2322 984 2400 quid
1008 2321 1138 2401 deesset,
1162 2320 1211 2380 ad·

199 2411 271 2491 ieci,
295 2427 421 2488 quarum
444 2408 532 2470 lectio
556 2417 586 2470 et
608 2411 733 2470 incitare
757 2428 809 2470 vos
832 2409 868 2470 ad
892 2412 1089 2470 necessariam
1113 2411 1211 2487 cogni·
1227 2432 1254 2473 25

165 2518 180 2566 7
200 2501 311 2559 tionem
336 2505 365 2558 et
388 2499 538 2557 instruere
557 2500 668 2577 poterit
686 2498 722 2558 ad
742 2498 876 2560 salutem.
913 2498 1074 2559 Versiculis
1094 2515 1211 2576 quoque

200 2587 325 2648 lusimus
344 2587 518 2665 migmatum
533 2594 563 2646 et
581 2589 748 2666 specierum
768 2587 933 2666 digestione
952 2588 1133 2668 compositis
1152 2603 1212 2648 non

201 2676 279 2756 quod
304 2676 343 2735 sit
366 2675 486 2753 dignum
506 2675 616 2754 aliquid
635 2677 666 2734 in
686 2677 826 2758 carmine,
845 2676 898 2736 sed
916 2684 950 2736 ut
967 2676 1110 2736 lectorem
1129 2693 1210 2735 seru·
1267 2665 1268 2674 ’

200 2772 385 2842 tatoremque
413 2763 503 2824 buius
531 2766 630 2842 operis
659 2772 688 2824 et
715 2783 820 2842 poema
848 2764 977 2843 pelliciat
1006 2773 1036 2824 et
1064 2766 1210 2842 exoptatio

177 2852 306 2913 'blanda
334 2850 480 2912 conciliet.
523 2852 608 2924 Quod
637 2852 813 2931 opusculum
841 2855 872 2913 in
895 2854 994 2914 infima
1017 2859 1101 2930 parte
1124 2853 1211 2913 buius
1227 2876 1254 2916 eo

201 2941 312 3002 codicis
341 2939 493 3022 collocari,
522 2949 552 3002 et
579 2949 613 3001 ut
641 2959 777 3002 sermone
806 2949 909 3002 nostro
937 2957 1027 3020 opera
1054 2941 1127 3000 haec
1155 2941 1210 3001 sol-

200 3029 286 3090 lertia
310 3037 411 3089 nostra
436 3032 598 3108 composita
623 3028 798 3090 claudantur
817 3039 847 3091 et
866 3048 959 3109 nugas
978 3037 1096 3138 nostras
1115 3029 1211 3091 multi-

200 3117 268 3198 plex
292 3117 430 3178 loliorum
455 3118 531 3178 celet
555 3118 652 3179 obiect
640 3125 697 3178 tus.

600 3347 813 3355 ———·
