2564 3794
570 142 790 207 -94-

588 321 666 382 CAP.
690 320 777 382 Vllll.

244 434 298 490 Ad
320 433 456 490 aur-lum
479 433 614 490 dolores
636 432 817 488 universos
842 436 877 488 et
899 433 982 488 vitia
1006 432 1118 489 omnia

542 525 577 578 et
599 521 818 590 surdiginem.

140 673 153 720 1
262 658 352 718 Follis
375 660 489 736 caprini
509 651 548 744 β
567 657 589 738 l,
613 657 709 718 mellis
730 651 769 743 ᾖ
790 657 802 716 l
826 665 963 717 conteres
983 660 1062 717 etin
1081 658 1188 736 strigili

174 747 327 808 calefacies
351 756 380 808 et
403 746 542 807 infundes
568 754 598 806 et
621 745 687 806 lana
711 745 852 806 occludes
875 764 986 806 aurem.
1028 745 1107 806 Nihil
1130 746 1187 808 boc

173 837 366 897 medicamine
388 837 542 914 potentius
564 853 661 913 neque
686 836 812 914 certine,
840 835 928 894 etiam
953 836 977 894 si
1005 835 1187 896 intrinsecus

138 937 153 986 2
173 927 396 985 canceraverint
416 941 512 984 aures.
545 923 656 983 Porros
675 925 815 1003 virginee,
837 921 866 982 id
887 930 1012 982 estnon
1031 923 1187 1005 plantatos,

173 1015 270 1092 inpari
292 1031 418 1073 numero
442 1020 472 1073 et
490 1011 653 1072 lumbricos
672 1019 809 1072 terrenos
828 1012 926 1090 inpari
945 1029 1069 1072 numero
1088 1013 1217 1091 capiess
1264 1067 1266 1072 .

169 1110 199 1161 et
227 1101 315 1160 simul
344 1119 380 1160 ex
409 1099 474 1160 oleo
498 1103 610 1178 optimo
635 1099 671 1159 ad
694 1101 799 1160 tertias
828 1099 977 1178 decoques
1001 1109 1031 1160 et
1054 1101 1188 1180 tepidum

138 1189 242 1250 3inde
271 1188 350 1266 quod
378 1188 506 1248 sufficiat
532 1187 672 1247 infundes
700 1187 861 1248 auriculae.
905 1187 997 1248 Laser
1020 1207 1087 1248 oum
1111 1188 1188 1250 lacte

174 1293 305 1354 caprano
328 1278 445 1337 incocto
468 1277 583 1336 recenti
606 1274 747 1337 miscebis
775 1283 805 1335 et
833 1276 902 1336 inde
927 1294 1014 1338 aures
1037 1279 1121 1355 prius
1145 1278 1187 1338 di·

173 1364 238 1424 lnes
265 1383 299 1424 ao
326 1372 429 1443 postea
457 1363 495 1424 fel
523 1365 674 1424 taurinum
703 1372 733 1424 et
764 1363 862 1424 oleum
896 1365 1051 1426 cedrinum
1083 1368 1187 1445 aequis

172 1451 360 1531 portionibus
378 1454 503 1512 mixtum
522 1461 628 1530 tepens
645 1451 800 1512 infundes:
818 1452 875 1513 boo
891 1452 1008 1514 dolores
1022 1456 1096 1514 mire
1112 1454 1185 1515 mul·
1202 1471 1231 1509 10

173 1549 221 1602 eet
243 1549 274 1601 et
297 1540 419 1601 dubium
443 1541 577 1602 auditum
601 1541 757 1600 confirmat
776 1548 806 1600 et
824 1559 881 1620 pus
900 1541 1057 1602 collectum
1077 1561 1186 1621 expur-
1217 1606 1220 1610 ,

137 1637 230 1708 4gat.
272 1628 468 1690 Coriandrum
491 1629 585 1690 viride
609 1637 690 1689 teres
718 1635 748 1689 et
775 1631 806 1689 in
835 1631 895 1690 vini
919 1629 1023 1709 cyatho
1047 1630 1187 1692 miscebis

174 1726 203 1778 et
226 1716 336 1778 colabis
360 1725 390 1778 et
411 1718 477 1778 lana
500 1717 582 1778 molli
600 1719 631 1778 in
651 1735 754 1778 aurem
773 1717 930 1778 instillabis
950 1726 980 1778 et
998 1719 1100 1778 eadem
1120 1719 1186 1779 lana

138 1805 311 1867 cobstrues
335 1825 445 1868 aurem.
477 1806 521 1866 Ad
546 1825 643 1887 aures,
667 1824 742 1885 quae
766 1809 895 1884 graviter
918 1806 1019 1868 dolent
1037 1815 1067 1868 et
1085 1816 1186 1868 vetera

172 1894 294 1954 vulnera
322 1897 502 1973 intrinsecus
530 1894 653 1970 babent,
686 1893 782 1954 mellis
810 1896 914 1973 optimi
942 1914 1031 1956 unam
1060 1904 1186 1978 partem,
1200 1912 1231 1954 15

173 1986 249 2043 aceti
276 1985 414 2044 acerrimi
441 1983 515 2044 duas
542 1991 643 2063 partes
672 1984 811 2043 confusas
839 1983 989 2062 decoques
1017 1985 1186 2046 fervoribus

172 2071 269 2132 tribus
297 2079 327 2132 et
354 2072 470 2150 longius
494 2090 528 2131 ea
551 2071 588 2132 ab
611 2074 679 2150 igne
702 2070 877 2152 removebis,
901 2071 996 2133 donec
1020 2082 1186 2135 commotus

172 2160 271 2219 fervor
289 2163 493 2240 conquiescat;
516 2167 580 2220 tum
603 2162 715 2220 nitrum
739 2159 830 2220 addes
849 2177 884 2219 eo
903 2179 1009 2242 usque,
1033 2161 1128 2223 donec
1149 2181 1186 2222 ex

173 2265 280 2326 vapore
301 2265 442 2326 agnoscas
465 2251 577 2308 nitrum
601 2247 749 2308 resedisse
776 2257 806 2308 et
829 2250 938 2309 iterum
962 2249 1022 2310 leni
1044 2253 1114 2328 igne
1137 2270 1185 2312 re-

172 2353 295 2415 coques,
323 2353 359 2395 ne
384 2335 535 2416 efferveat3
562 2342 635 2396 tunc
663 2335 753 2395 addes
776 2335 816 2396 fel
838 2335 987 2398 hircinum
1012 2339 1057 2398 vel
1081 2358 1186 2418 capru-
1201 2355 1231 2394 20

172 2441 244 2483 num
266 2422 311 2482 vel
335 2425 486 2484 verrinum
511 2431 561 2484 aut
584 2426 754 2504 porcinum,
782 2425 853 2485 dum
876 2444 936 2486 non
961 2426 996 2487 de
1021 2428 1130 2509 scrofa,
1155 2437 1187 2490 et

172 2511 372 2572 commovebis
400 2520 430 2571 et
457 2514 566 2572 iterum
596 2531 766 2592 concoques
799 2531 833 2574 ac
861 2515 1021 2594 tepefacies
1053 2522 1083 2575 et
1114 2517 1185 2576 inde

136 2613 152 2662 6
173 2607 315 2678 quantum
340 2602 411 2660 satis
435 2608 481 2660 est
503 2599 624 2662 auribus
647 2601 780 2662 infunde.
817 2601 916 2682 Adeps
940 2621 1078 2663 ranarum
1102 2604 1185 2682 palu-

173 2691 280 2749 strium
306 2688 464 2768 liquefacta
493 2691 519 2749 si
546 2696 650 2768 tepens
678 2692 709 2749 in
733 2708 821 2750 aures
849 2691 1036 2771 infundatur,
1064 2691 1185 2753 dolores

138 2790 153 2837 7
172 2779 280 2838 nimios
303 2776 456 2856 mitigabit.
488 2776 578 2837 Dolor
596 2779 714 2838 aurium
733 2778 855 2839 sedatur
876 2782 963 2840 etiam
982 2781 1087 2840 canino
1106 2779 1185 2848 lacte
1200 2795 1229 2837 25

136 2878 152 2926 8
173 2873 203 2926 et
225 2867 338 2946 ursino,
361 2868 387 2925 si
409 2883 515 2927 recens
538 2866 708 2926 instilletur.
755 2865 880 2928 Terreni
902 2886 1018 2928 vermes
1041 2886 1110 2928 cum
1134 2888 1186 2929 an·

173 2957 248 3014 seris
280 2955 365 3034 adipe
397 2953 443 3014 vel
475 2973 542 3015 cum
574 2953 638 3015 oleo
667 2955 785 3015 decocti
812 2957 876 3016 sine
904 2955 993 3016 dubio
1026 2957 1186 3018 medentur

136 3055 152 3103 9
172 3043 294 3103 auribus
312 3042 488 3122 purulentis.
510 3042 602 3103 Urina
621 3045 686 3121 apri
705 3051 842 3104 servatur
860 3046 891 3104 in
905 3047 991 3126 vitro,
1010 3045 1061 3104 sed
1076 3046 1186 3107 melius

171 3149 240 3192 cum
263 3133 359 3192 vesica
382 3133 485 3212 ipsius,
509 3131 656 3210 quomodo
680 3134 708 3192 ei
727 3131 842 3192 sublata
860 3133 963 3213 fuerit,
986 3133 1059 3194 baec
1077 3142 1186 3214 tepens

120 3232 152 3281 ιο
171 3221 268 3280 infusa
291 3219 414 3281 auribus
437 3222 524 3281 unice
547 3219 678 3298 prodest.
723 3219 869 3281 Bestiolae
892 3221 1083 3304 multipedes,
1108 3239 1229 3302 quaeso

242 3354 406 3410 2infnndos
424 3353 454 3407 in
472 3354 539 3407 lena
556 3355 586 3408 ot
604 3354 746 3408 obcludes.
819 3353 982 3424 4virginia.
1055 3359 1185 3428 bcepies

170 3440 220 3479 om.
292 3432 324 3481 16
343 3427 512 3495 dequoques.
575 3431 610 3480 20
629 3423 774 3480 efferveat.
839 3427 1005 3500 dapmnum]
1026 3443 1185 3500 aprugnum

173 3494 330 3552 Oormrioe.
403 3501 436 3549 21
455 3496 573 3550 autom.
647 3500 681 3548 25
700 3494 767 3550 late.
