2518 3806
545 107 782 172 -356-

102 282 136 330 82
244 269 288 329 Ad
312 271 426 328 varices
450 268 592 347 fugandas
616 267 781 328 remedium
805 269 861 328 sic:
884 265 1018 328 Hederae
1037 268 1179 330 radicem

154 357 257 437 tolles,
279 375 348 418 cum
372 357 463 418 luerit
485 355 554 417 luna
577 357 609 416 in
632 357 767 436 aquario,
791 365 821 416 ct
843 356 996 418 circumda
1020 375 1087 436 888,
1114 359 1178 418 8118
1257 435 1258 438 ¹

100 456 134 505 88
154 445 321 506 medebere.
362 444 496 505 hederae
520 443 607 504 bacas
631 452 706 524 tres,
736 463 811 523 quae
834 463 889 522 per
911 446 1057 523 parietem
1082 449 1178 527 repit,
1257 461 1258 492 ³

154 534 236 616 pedi,
262 536 292 594 in
322 553 381 613 quo
410 541 481 594 sunt
502 535 630 612 varices,
658 531 776 611 alligato
799 532 846 592 vel
868 533 999 593 radicem
1022 535 1090 594 eius
1117 537 1179 595 cir·

100 633 135 682 84
154 623 301 684 cumdato.
336 622 416 700 Rapa
436 640 472 682 ex
491 639 567 700 aqua
585 620 661 682 salsa
679 621 829 700 decoqnes
848 630 878 681 et
897 639 1085 702 superpones
1104 641 1200 701 per-a
1257 631 1258 636 ’

154 711 294 773 nionibus
322 713 381 770 iam
410 709 650 790 erumpentibus,
678 708 833 770 medellam
862 709 965 770 utilem
994 713 1177 788 experieris.

100 809 133 860 88
154 801 276 880 Spinam
304 817 340 860 ex
367 799 443 878 pede
467 798 514 858 rel
536 815 723 877 quacumque
748 799 882 876 corporis
908 805 1006 878 parte,
1030 801 1055 858 si
1080 799 1177 861 altius
1257 811 1258 862 ἶ

152 889 256 950 adacta
283 888 386 968 luerit,
416 889 479 948 sine
508 886 609 948 dolore
638 885 790 966 extrahes,
819 904 888 946 eum
911 887 1067 948 arundinis
1092 889 1176 948 radi-

152 995 218 1038 cem
245 976 420 1056 adposueris
446 977 478 1036 in
506 977 647 1036 mortario
675 973 790 1053 lapideo
819 982 975 1035 contusam
998 983 1028 1034 et
1051 975 1174 1037 adiecto
1257 1003 1258 1006 ¹

152 1065 238 1126 melle
262 1064 428 1144 subactam,
454 1064 549 1124 donec
573 1064 609 1124 ad
633 1062 862 1124 crassitudinem
885 1065 980 1124 ceroti
1003 1063 1171 1145 redigatur,
1187 1083 1211 1121 lo

152 1161 183 1214 et
205 1153 296 1214 linteo
320 1154 417 1230 spisso
440 1152 524 1212 inlita
547 1153 722 1232 adponatur,
745 1153 776 1210 in
801 1169 860 1230 quo
883 1151 1058 1230 frequenter
1083 1153 1172 1232 spina

151 1243 215 1319 ipsa
239 1242 333 1300 eiecta
356 1241 515 1299 invenitur.

98 1337 132 1386 88
241 1325 425 1386 Marrubium
448 1329 610 1386 contritum
634 1327 764 1388 admixto
786 1326 846 1388 8818
864 1327 982 1388 modico
1002 1328 1170 1406 inpositum

151 1433 244 1494 aeque
272 1415 419 1494 prolicere
447 1422 563 1476 constat
590 1415 626 1475 ad
656 1415 836 1477 extrahenda
863 1433 911 1496 ea,
939 1433 1014 1495 quae
1046 1419 1170 1494 corpori

97 1513 131 1564 87
151 1504 342 1565 inhaeserint.
372 1502 502 1568 Herbam
520 1505 647 1564 urticam
666 1505 727 1564 sive
747 1505 871 1564 viridem
890 1507 952 1564 sire
971 1505 1082 1564 siccam
1098 1523 1170 1566 con·
1184 1522 1207 1562 n

150 1596 252 1654 tritam
282 1593 397 1652 adiecto
426 1591 559 1671 quolibet
587 1591 709 1670 coagulo
738 1591 881 1674 adpones,
914 1591 1037 1653 cuilibet
1064 1593 1170 1653 inhae-

97 1689 131 1740 88
151 1683 237 1763 serit3
266 1682 422 1742 confestim
450 1679 606 1740 miraberis
635 1680 818 1740 celeritatem
846 1681 996 1742 medellae.
1041 1679 1169 1742 Stercus

151 1788 318 1850 aprugnum
343 1789 378 1830 ex
401 1771 469 1829 vino
493 1767 649 1829 subactum
671 1775 701 1828 et
719 1768 872 1847 emplastri
890 1787 973 1830 more
991 1771 1169 1850 inpositum,

145 1857 293 1938 ‘quicquid
317 1857 480 1918 inhaeserit
503 1859 630 1936 corpori,
654 1857 791 1917 celeriter
815 1857 943 1919 extrahit
966 1863 996 1917 et
1020 1867 1113 1918 sanat.

97 1955 131 2004 88
239 1945 351 2025 Butyro
376 1953 406 2005 et
428 1944 557 2005 medulla
580 1947 697 2005 cervina
722 1944 841 2006 8118118
865 1948 982 2006 taurino
1007 1963 1076 2005 cum
1099 1944 1205 2006 oleoso

97 2043 131 2093 88
151 2036 274 2114 cyprino
294 2041 345 2094 aut
363 2033 479 2094 laurino
498 2033 639 2111 perfricta
658 2051 754 2112 genua
773 2041 922 2095 sanantur.
958 2031 1099 2094 Talorum
1118 2041 1166 2094 tu-

151 2122 286 2184 moribus
309 2129 340 2182 81
362 2119 515 2182 doloribus
537 2121 692 2182 musculus
716 2123 848 2184 marinus
866 2125 956 2183 tritus
975 2139 1011 2182 ex
1030 2121 1095 2182 oleo
1115 2141 1165 2182 ve-

150 2222 215 2272 tere
238 2212 387 2290 inpositus
410 2209 556 2270 medetur.

97 2307 131 2358 81
239 2298 417 2359 Maiandriae
446 2305 476 2358 et
498 2297 608 2376 frigore
632 2297 746 2358 adustis
769 2297 895 2376 pedibus
918 2297 1040 2376 prodest
1063 2299 1163 2358 cuius-

150 2387 223 2447 libet
245 2387 369 2466 pecudis
393 2404 495 2446 sevum
519 2403 587 2446 cum
611 2384 739 2446 alumine
762 2388 866 2446 tritum
890 2385 937 2445 vel
957 2393 1114 2446 excoctum
1133 2395 1202 2448 8188

151 2476 246 2536 ceroti
270 2475 356 2535 modo
379 2476 551 2553 inpositum.
670 2473 688 2526 f

43 2563 45 2566 ’
97 2571 131 2622 82
240 2563 351 2623 Attritu
375 2562 635 2622 calciamentorum
659 2561 752 2622 factos
776 2561 873 2622 clavos
896 2561 1034 2622 emendat
1053 2564 1161 2623 veteris

151 2651 248 2712 soleae
272 2658 392 2711 exustae
417 2652 491 2710 einis
515 2668 582 2710 cnm
607 2649 671 2709 oleo
695 2651 850 2728 inpositus.

97 2748 131 2798 88
239 2738 396 2798 Ulceribus
427 2737 565 2798 omnihus
598 2737 706 2816 pedum
739 2741 770 2798 in
801 2737 932 2816 qualibet
959 2745 1044 2816 parte
1071 2737 1159 2819 adeps

151 2829 253 2888 ursina
277 2825 376 2887 addito
400 2826 529 2885 alumine
552 2825 697 2887 medetur.
1170 2843 1198 2884 ao

98 2925 133 2974 84
242 2913 286 2996 Ei,
303 2916 362 3006 ,qui
380 2915 492 2992 patitur
514 2915 635 2993 varices,
655 2915 715 2972 sevi
734 2913 843 2973 hircini
862 2912 1000 2974 selibram
1019 2922 1050 2975 et
1067 2915 1160 2995 adipis

152 3005 188 3065 de
216 3021 328 3082 sapone
355 3000 461 3062 libram
489 3001 578 3060 simul
605 3004 752 3080 permisce
780 3008 810 3061 et
838 3003 869 3062 in
896 3001 986 3063 linteo
1014 3002 1062 3063 die
1085 3002 1160 3064 lovis

152 3095 247 3154 ceroti
270 3109 352 3152 more
376 3091 499 3170 adpone,
522 3096 660 3169 potenter
683 3088 850 3151 subvenies

99 3189 133 3238 88
242 3180 364 3241 Stercus
387 3196 534 3258 aprunum
558 3186 679 3239 tunsum
699 3176 920 3256 cribratnmqne
939 3186 969 3238 et
988 3197 1056 3238 oum
1075 3179 1160 3240 melle

153 3268 301 3328 deteriore
320 3275 438 3329 coctum
457 3275 487 3327 et
506 3266 661 3328 subactum
681 3265 814 3326 articulis
834 3268 996 3346 inpositum
1015 3267 1159 3330 medetur.
1173 3284 1197 3326 88

172 3516 175 3520 ,
243 3459 257 3506 7
277 3453 400 3522 corporis
419 3453 498 3521 parte
518 3453 553 3522 si]
573 3451 631 3506 Hic
648 3453 750 3508 codicis
766 3454 841 3520 finis.
