2528 3814
494 133 735 198 -303-

103 301 176 376 tem,
194 311 310 373 myrrae
334 295 439 354 unciae
464 293 671 374 quadrantem,
695 297 794 374 spicae
818 297 903 356 nardi
925 297 1043 359 Indicae
1066 317 1120 360 un·

102 385 168 444 ciae
189 389 362 462 sextantem,
387 383 449 460 opii
472 384 577 442 unciae
601 382 805 462 quadrantem,
829 387 911 445 croci
930 377 1121 470 sem'unciam,

101 472 217 551 piperis
240 471 321 550 longi
343 473 539 550 semunciam,
563 473 675 550 piperis
699 474 777 551 nigri
801 476 996 555 semunciam,
1019 484 1120 554 petro-

103 559 186 620 silini
211 591 249 604 -
271 559 292 640 l,
316 559 438 620 schoeni
460 592 505 602 -
523 559 544 619 l.
582 559 662 620 flacc
686 564 784 622 omnia
803 569 927 622 contusa
947 580 1015 623 cum
1034 563 1121 624 melle

74 648 229 708 odecocto
256 650 435 728 miscentur,
464 648 551 708 datur
581 667 617 708 ex
644 647 701 709 hoc
729 649 945 711 medicamento
977 663 1121 730 quantum

103 755 167 798 nux
190 735 320 796 avellana
343 754 378 796 ex
403 738 479 797 meri
502 736 615 814 cyathis
639 745 789 819 quattuor,
813 739 892 817 quod
916 746 946 799 et
969 741 1043 817 ipsis
1062 742 1121 819 pri·

103 827 162 885 mis
191 824 344 885 doloribus
369 831 399 884 et
422 825 612 903 postmodum
635 826 773 907 prodest,
800 827 830 886 id
855 835 901 888 est
924 828 1120 888 medicamen·

102 921 169 974 tum
197 921 299 974 ceroto
330 932 366 973 ex
389 912 574 974 malobathro
598 915 676 974 lacto
700 914 814 975 duabus
837 914 973 994 partibus
995 919 1121 978 mixtum

104 1009 136 1062 et
158 1010 255 1063 totum
274 1009 357 1062 extra
376 1003 539 1080 inpositum
558 1004 589 1061 in
608 1010 712 1063 ventre
731 1003 893 1082 plurimum
912 1007 1001 1066 iuvat.
1033 1005 1120 1064 Prae-

62 1109 89 1148 ιο
104 1097 188 1151 terea
215 1090 291 1150 bene
321 1091 392 1150 lacit
420 1098 449 1150 et
477 1091 512 1151 ad
537 1091 683 1152 stomachi
705 1092 888 1152 inflationem
911 1100 942 1154 et
965 1093 1000 1153 ad
1025 1095 1120 1171 suspi-

103 1181 184 1240 rium
212 1188 242 1239 οι
270 1178 306 1238 ad
334 1180 474 1239 iocineris
503 1179 635 1240 dolorem
664 1188 694 1241 et
722 1181 757 1240 ad
786 1189 899 1242 tussem
929 1189 959 1242 et
987 1182 1120 1242 adurae

104 1267 342 1328 destillationem.
385 1266 418 1327 ln
446 1267 501 1328 hac
526 1271 730 1346 conpositione
754 1269 866 1330 Acilius
889 1269 1023 1350 Hyginus
1047 1269 1120 1348 Cap·

104 1355 201 1434 padox
225 1355 384 1436 chirurgus
407 1355 517 1417 Romae
545 1356 617 1418 dicit
640 1357 752 1418 adiecta
779 1361 874 1418 casiae
899 1359 1029 1439 fistulae,
1053 1361 1120 1438 apii,

105 1447 235 1504 cinnami
262 1447 343 1523 paria
372 1445 504 1522 pondera
531 1452 562 1506 et
584 1463 639 1523 pro
662 1448 765 1525 pipere
789 1448 874 1525 nigro
899 1447 997 1507 album
1021 1455 1051 1506 et
1075 1465 1120 1506 ca·

65 1549 91 1590 15
107 1534 200 1592 storei
222 1534 321 1592 minus
345 1540 459 1610 partem
482 1536 602 1593 tertiam
625 1535 786 1616 victoriati,
815 1535 895 1612 quod
919 1537 961 1595 sic
985 1537 1120 1612 conposi-

105 1629 170 1682 tum
198 1620 323 1680 mirifice
351 1621 422 1679 iacit
450 1629 480 1680 et
503 1617 584 1701 <ad>
609 1624 760 1700 sanguinis
789 1623 978 1700 eruptionem
1001 1621 1037 1680 de
1062 1630 1121 1682 sto-

106 1708 211 1769 macho
235 1717 385 1785 corrupto.

196 1795 294 1857 Colice
324 1795 448 1856 mirifica
477 1795 543 1856 lulii
571 1795 656 1856 Bassi
683 1799 741 1857 cito
765 1797 856 1876 levat,
884 1797 953 1856 dein
977 1795 1055 1857 tollit
1077 1799 1156 1858 ina

106 1885 242 1945 dationes
262 1884 319 1945 coli
338 1893 367 1945 et
386 1887 482 1946 omnis
501 1889 594 1963 partis
614 1887 760 1966 corporis3
780 1886 850 1946 lacit
868 1892 899 1946 et
919 1885 955 1946 ad
976 1885 1120 1947 stomachi

66 1991 93 2032 ao
106 1973 324 2034 imbecillitates
351 1980 382 2033 et
409 1973 446 2034 ad
473 1975 685 2034 intestinorum
713 1973 822 2052 alioqui
851 1973 997 2055 dolorem,
1030 1992 1119 2053 quem

6 2127 7 2148 ,
107 2061 212 2123 Graeci
240 2061 395 2140 strophum
423 2063 584 2144 appellant,
612 2081 648 2122 ex
675 2081 750 2141 aqua
778 2063 924 2148 hysopum
948 2071 998 2123 aut
1021 2072 1118 2124 rutam

6 2149 7 2170 ³
106 2154 253 2211 incoctam
276 2149 412 2211 habente.
447 2150 521 2211 ltem
539 2151 615 2211 hene
634 2151 705 2211 iacit
723 2151 759 2211 ad
779 2153 954 2230 sanguinem
973 2159 1002 2212 et
1021 2169 1056 2211 ex
1075 2153 1118 2211 in-

106 2241 217 2300 teriore
240 2247 339 2320 parte3
362 2256 423 2300 non
447 2241 526 2299 enim
544 2242 656 2318 patitur
674 2239 732 2300 late
750 2240 817 2301 fieri
835 2259 891 2300 nec
910 2242 992 2300 intus
1010 2239 1119 2300 vulnus

107 2330 249 2407 converti,
273 2326 325 2388 sed
349 2335 379 2388 et
402 2331 461 2388 cito
486 2330 645 2407 supprimit
668 2331 842 2407 sanguinem
862 2337 893 2389 et
911 2329 1018 2389 vulnus
1039 2330 1119 2406 cogit

67 2432 93 2472 aa
107 2418 195 2477 coire.
230 2415 366 2476 Dandum
389 2423 488 2476 autem
512 2416 559 2476 his
582 2416 830 2477 medicamentum
853 2436 889 2477 ex
913 2435 988 2496 aqua
1007 2416 1120 2495 polium

107 2512 225 2566 coctum
244 2503 372 2564 habente
392 2513 443 2565 aut
462 2513 568 2566 rutam.
599 2504 724 2565 Prodest
739 2513 768 2564 et
782 2507 954 2566 torminosis
970 2513 1000 2566 et
1014 2505 1119 2565 coelia-

108 2595 151 2654 cis
174 2593 276 2653 datum
295 2611 331 2652 ex
349 2611 425 2672 aqua
444 2593 657 2654 centunculum
674 2592 797 2653 herham
817 2596 964 2654 incoctam
982 2593 1120 2674 habente,

53 2734 56 2738 ,
108 2699 195 2762 quam
220 2681 324 2741 Graeci
347 2680 522 2760 gnaphalida
546 2683 661 2762 dicunt,
688 2689 739 2742 aut
763 2684 851 2743 etiam
875 2681 970 2742 sorbis
994 2685 1119 2742 incoctis

108 2778 159 2831 aut
187 2769 306 2848 Syriaca
330 2769 445 2848 siliqua.
492 2771 627 2831 Lienosis
655 2770 743 2831 datur
771 2789 807 2830 ex
834 2770 930 2831 mulso
958 2770 1004 2830 vel
1021 2789 1119 2848 passo

197 2921 333 2976 lmirrae
355 2923 387 2977 iu
409 2939 495 2992 moly.
520 2923 600 2987 addc
627 2924 686 2978 ciue
709 2925 740 2977 in
764 2923 822 2980 loco
845 2929 884 2978 est
906 2924 938 2978 tn
960 2927 1037 2976 tecto
1061 2923 1120 2992 opii

107 2994 179 3062 quod
196 2993 289 3046 deieci
336 2993 430 3062 spicae
444 2993 526 3048 nardi
539 2964 651 3048 Indicae
665 2995 765 3049 unciae
779 2997 811 3049 in
825 3011 933 3050 rasura.
984 2999 1001 3046 4
1015 2994 1118 3048 scoeni.

109 3069 124 3116 6
142 3062 388 3118 medicamentum
457 3071 472 3118 i
492 3065 626 3119 vocabula
643 3065 735 3120 idt
693 3069 735 3120 eat
754 3071 865 3135 corrupt
866 3083 884 3120 a
902 3080 957 3118 esse
974 3065 1068 3118 uident
1056 3069 1120 3131 mur

107 3135 170 3202 fort.
189 3150 240 3188 scr.
260 3134 335 3188 idem
353 3135 426 3189 med.
531 3140 564 3188 10
582 3133 735 3190 inflatione.
834 3143 866 3189 12
887 3133 1119 3202 conpositionem

10 3248 12 3267 ,
110 3211 142 3259 18
160 3204 243 3276 dicit]
261 3206 344 3260 cerba
362 3222 431 3275 puae
449 3211 600 3286 sequuntur
618 3207 712 3261 turbat
700 3211 731 3260 ta
749 3221 803 3260 esse
821 3207 1036 3261 sidoniorum
1056 3219 1117 3258 eru-

11 3312 12 3325 ,
108 3276 211 3361 ptione.
294 3281 328 3331 18
348 3276 440 3331 Colice
459 3274 590 3346 mirifica]
614 3277 693 3331 Haec
711 3278 786 3330 Iulia*
803 3277 888 3331 Boset
907 3276 988 3330 colice
1006 3291 1062 3328 non
1080 3279 1120 3328 est

108 3348 139 3402 in
160 3347 262 3414 codice,
289 3348 321 3402 in
344 3363 396 3417 quo
420 3347 554 3403 vocabula
577 3347 660 3400 det
635 3347 779 3402 stomacho
804 3347 935 3415 corrupo
959 3347 985 3411 (t
1004 3350 1020 3399 t
1039 3347 1118 3414 extr.)

108 3419 209 3540 exoplpd
227 3420 397 3558 comppsitio,
419 3419 499 3474 cuius
517 3419 572 3473 init
572 3419 629 3473 ium
648 3423 701 3473 est:
730 3419 773 3471 Ad
792 3417 847 3473 coli
866 3417 992 3473 dolorem
1009 3415 1121 3472 faciunt

11 3516 12 3525 κ
109 3506 154 3556 qur
176 3504 220 3542 cm
240 3493 296 3560 (57
