2564 3794
540 142 779 206 -126-

154 307 261 368 deinde
289 305 409 385 pulvere
438 307 503 383 ipso
531 303 704 364 mollissimo
727 304 831 364 dentes
855 303 909 364 tibi
936 303 1078 384 perfrica,
1107 323 1166 383 quo

100 397 231 458 4815515
255 394 388 455 dolorem
412 393 536 455 sedabis
579 393 610 453 Si
634 391 690 452 tibi
712 394 805 471 partis
829 395 966 452 sinistrae
990 392 1063 452 dens
1087 391 1166 453 dole·

153 485 205 564 bit,
229 483 330 544 cubito
354 483 459 543 dextro
483 481 607 542 calidam
630 480 726 541 labam
750 488 862 541 coctam
887 483 988 541 tritam
1006 483 1116 559 inpone
1136 489 1167 542 et

153 573 311 652 diligenter
334 571 400 650 liga.
434 571 466 630 st
489 588 559 630 vero
582 571 677 648 partis
701 569 840 629 dexterae
864 572 925 629 sive
946 572 1084 647 superior
1103 571 1165 630 sive

151 663 277 722 inferior
299 661 373 720 dens
397 658 517 738 dolebit,
541 657 642 719 cubito
662 659 785 718 sinistro
804 657 893 736 ligato
913 659 1050 718 similiter
1068 657 1193 719 labams

99 764 133 812 49
153 760 182 812 51
206 750 262 810 boo
286 749 495 828 pertriduum
519 749 617 807 facito.
659 745 796 807 Dolorem
820 747 954 806 dentium
983 755 1013 807 et
1035 748 1165 825 gingiva-

153 857 220 900 rum
243 839 298 898 bac
321 840 448 898 maxime
472 837 625 897 curatione
649 853 821 914 conpesces,
845 837 871 894 si
889 834 985 895 mellis
1003 867 1048 877 -
1062 834 1083 915 l,
1105 835 1165 895 alu·

151 929 241 988 minis
264 927 414 986 infectorii
437 959 480 968 -
499 924 539 984 lll
562 923 792 984 subierveiacias
814 926 846 983 in
869 923 998 1002 pultario
1023 933 1053 984 et
1072 925 1165 1002 agites

98 1029 133 1078 50
152 1035 186 1077 ao
205 1018 331 1076 misceas
350 1015 589 1093 tepeiactumque
608 1013 791 1073 medicamen
816 1030 868 1072 ore
893 1015 1053 1073 contineas.
1091 1015 1164 1072 Aoo·

151 1122 219 1165 rum
238 1103 394 1163 Ponticum
418 1121 485 1162 cnm
510 1111 593 1162 aceto
617 1109 647 1162 et
671 1119 739 1161 cum
763 1101 847 1162 taeda
873 1119 967 1179 usque
988 1101 1025 1161 ad
1045 1109 1165 1180 quartas
1179 1123 1208 1162 xo

151 1193 309 1252 decoctum
336 1192 501 1250 rectissime
529 1190 686 1250 adversum
710 1189 827 1249 dolores
850 1189 985 1250 dentium
1008 1189 1164 1268 gargaliza-

98 1289 209 1342 51155.
252 1278 349 1339 Sucus
372 1278 543 1356 cyclaminis
568 1286 598 1338 51
622 1277 680 1337 mel
702 1276 824 1356 Lycium
851 1280 954 1356 aequis
977 1279 1164 1358 portionibus

98 1383 131 1430 52
150 1370 316 1428 miscentur
339 1374 428 1445 atque
451 1365 520 1425 inde
544 1364 628 1425 dolor
652 1366 785 1426 dentium
809 1367 999 1428 confricatur.
1040 1365 1165 1445 Lapathi

151 1456 234 1516 radix
262 1457 293 1514 in
321 1463 404 1516 aceto
432 1455 577 1514 acerrimo
605 1455 745 1532 coquitur
772 1461 861 1532 atque
889 1473 924 1514 eo
953 1464 1036 1516 aceto
1059 1455 1164 1515 dentes

97 1558 131 1608 53
151 1543 333 1606 5551555155
357 1543 402 1604 vel
425 1543 570 1604 leventur.
611 1542 743 1602 Mileiolii
767 1543 850 1603 radix
872 1542 927 1604 sub
947 1547 1043 1623 primo
1062 1543 1163 1604 dolore
1179 1563 1206 1604 15

150 1634 284 1694 dentium
308 1631 603 1692 commanducabitur
626 1639 657 1691 et
677 1631 772 1691 isdem
791 1631 931 1692 dentibus
950 1635 1002 1711 qui
1021 1631 1164 1693 dolebunt

150 1723 202 1783 diu
216 1721 458 1782 commanducata
472 1719 660 1800 retinebitur,
674 1719 888 1780 intolerandam
901 1720 1067 1781 molestiam
1079 1739 1163 1799 prae·

97 1825 132 1873 54
151 1812 320 1872 santissimo
344 1810 475 1870 remedio
495 1808 654 1870 coercebit.
691 1807 797 1869 Oleum
821 1827 888 1870 curn
912 1818 995 1870 aceto
1018 1827 1054 1870 ex
1073 1812 1162 1870 tertio

150 1899 320 1980 decoctum,
348 1899 418 1960 dum
447 1899 542 1959 adhuc
571 1897 659 1976 calet,
687 1905 768 1958 recte
797 1898 833 1958 ad
859 1898 1005 1958 sedandos
1028 1897 1162 1958 dentium

150 1988 268 2048 dolores
292 2007 343 2048 ore
367 1987 559 2067 retinebitur,
587 1989 628 2047 ita
655 1995 689 2047 ut
711 1985 779 2065 plus
802 1989 879 2047 aceti
902 2005 990 2066 quam
1014 1985 1072 2047 olei
1095 1991 1160 2047 mit·
1177 2006 1204 2044 20

97 2084 239 2140 5515155.
283 2076 376 2138 Radix
400 2086 497 2137 terrae
521 2074 590 2135 mali
614 2075 735 2136 surculo
759 2083 843 2136 eruta
867 2083 897 2136 et
919 2075 1161 2136 commanducata

151 2168 176 2225 si
199 2184 251 2226 ore
275 2167 476 2242 contineatur,
499 2167 579 2224 iuter
602 2166 685 2224 initia
710 2163 829 2242 quidem
852 2164 1068 2224 excandescere
1092 2165 1162 2224 facit

56 2246 57 2250 ¹
97 2267 130 2316 55
150 2253 282 2314 dolorem
306 2254 448 2332 dentium,
472 2252 524 2312 sed
548 2270 615 2311 mox
639 2270 707 2312 eum
731 2259 869 2330 potenter
887 2254 1049 2330 extinguet.
1090 2252 1160 2312 Por·

150 2341 217 2402 celli
239 2340 376 2401 lactentis
400 2339 573 2418 ventriculo,
595 2340 625 2400 id
650 2348 695 2400 est
713 2340 888 2420 aqualiculo,
912 2350 1058 2422 exempto,
1082 2341 1161 2420 quod

149 2432 179 2490 in
204 2431 346 2489 interiore
370 2438 438 2489 cute
462 2428 575 2488 luteum
597 2427 746 2508 adhaeret,
769 2427 852 2489 lanae
876 2431 1041 2509 coniunges
1064 2431 1161 2490 made·
1177 2447 1204 2486 rs

150 2519 316 2596 laetamque
345 2535 409 2576 eam
432 2516 481 2576 illo
508 2535 611 2576 umore
635 2517 785 2578 auriculae
808 2521 937 2599 inseres,
964 2521 1051 2580 cuius
1079 2537 1095 2579 e
1119 2520 1162 2580 di·

149 2624 234 2666 versa
257 2613 341 2685 parte
365 2604 438 2665 dens
462 2603 585 2683 dolebit,
613 2609 780 2666 certissimo
808 2607 939 2667 remedio
969 2610 1069 2669 statim
1093 2607 1162 2668 sub·

97 2708 129 2756 51
150 2697 259 2755 venies,
300 2693 377 2753 Mori
404 2693 487 2753 radix
515 2701 649 2772 tempore
676 2696 783 2754 messis
811 2694 966 2774 inciditur,
994 2715 1028 2756 ea
1056 2714 1163 2756 sucum

149 2784 335 2861 aptissimum
358 2781 520 2842 inhibendo
544 2781 640 2841 dolori
665 2782 798 2843 dentium
828 2785 950 2864 emittit,
978 2803 1066 2862 quem
1093 2784 1162 2844 ideo

149 2871 248 2950 colligi
270 2879 301 2931 et
324 2873 437 2931 servari
459 2878 585 2950 oportet,
608 2878 643 2930 ut
666 2889 734 2931 cum
753 2889 829 2950 opus
848 2873 938 2932 luerit
958 2871 1097 2932 dentibus
1116 2874 1159 2932 in·
1177 2889 1205 2928 eo

95 2970 130 3019 58
149 2968 285 3039 ponatur.
328 2958 480 3020 Nucnlens
504 2958 595 3038 gallae
621 2960 884 3021 commanducatus
906 2961 1042 3020 medetur
1065 2958 1162 3020 dolori

96 3059 129 3109 59
149 3051 306 3128 umorique
330 3048 472 3110 dentium.
512 3047 688 3128 Hyosoyami
711 3048 794 3109 radix
817 3051 906 3108 mixta
930 3047 975 3108 vel
998 3047 1162 3108 madefacta

95 3148 130 3197 60
148 3146 231 3198 aceto
251 3146 282 3199 et
300 3138 543 3199 commanducata
560 3140 634 3198 mire
650 3136 790 3198 dentibus
804 3137 948 3197 medetur.
981 3135 1162 3216 Plantaginis

148 3227 231 3288 radix
259 3236 341 3288 recte
370 3227 520 3288 manditur
547 3226 741 3305 eiusdemque
770 3243 841 3286 suco
869 3228 898 3284 in
929 3233 1011 3286 aceto
1037 3226 1163 3288 decocto

220 3439 236 3487 2
255 3434 362 3503 dentes,
381 3435 427 3491 red
442 3433 556 3490 dolebit.
611 3439 627 3489 8
642 3429 784 3488 suieetorii
799 3431 867 3498 (sic).
921 3435 956 3484 22
972 3431 1162 3488 scandeseere.

149 3508 184 3558 26
202 3503 283 3560 illum
301 3507 426 3560 humore.
500 3511 533 3559 30
553 3504 666 3575 oport't.
738 3499 933 3583 3155551551.
