2636 3790
595 123 813 188 ..16-

195 296 329 350 mentum
357 289 421 348 eius
449 289 567 366 generis
597 286 799 347 remediorum
827 286 950 361 habent,
982 287 1090 346 merito
1122 303 1215 346 accu-

197 377 280 438 sandi
304 384 382 457 sunt,
407 376 487 456 qnod
510 384 571 437 tam
594 374 783 454 neglegentes
807 376 839 434 in
858 383 918 436 tam
937 376 1105 435 necessaria
1124 381 1216 453 parte

197 467 269 528 artis
293 466 419 545 fuerint,
442 466 505 524 sive
528 465 644 543 experti
667 463 787 543 quidem
814 472 885 525 sunt
912 481 1018 525 eorum
1041 462 1216 544 utilitatem,

197 555 344 633 denegant
367 561 465 614 autem
488 571 585 634 usum,
609 554 702 630 magis
725 550 864 632 culpandi
887 560 966 634 sunt,
992 553 1061 632 quia
1084 553 1215 612 crimine

196 643 376 705 invidentiae
399 641 537 722 flagrant,
565 641 644 720 quod
669 641 779 701 malum
802 659 871 701 cum
894 641 1032 702 omnibns
1056 642 1216 702 animanti·
1247 657 1260 698 s

197 732 254 793 bus
277 733 405 792 inrisum
429 730 535 791 debeat
558 748 637 810 esse,
664 737 729 790 tum
755 731 916 809 praecipue
939 730 1077 810 medicis,
1101 728 1215 808 quibus

197 822 257 882 nisi
274 820 380 900 plenus
400 818 621 880 misericordiae
641 826 671 879 et
689 817 882 879 humanitatis
900 820 1016 879 animus
1036 826 1082 879 est
1105 835 1215 878 secun·

197 909 269 971 dum
304 911 400 988 ipsius
431 908 625 987 professionis
658 901 856 988 voluntatem,
892 906 1061 968 bominibus
1094 906 1215 984 diisque

163 997 337 1058 tomnibus
364 999 452 1058 invisi
479 996 589 1057 debent
611 1014 686 1056 esse.
727 995 842 1057 Idcirco
869 1014 906 1056 ne
930 995 1066 1057 hostibus
1090 994 1216 1074 quidem

197 1085 308 1147 malum
335 1085 585 1146 medicamentum
617 1084 711 1166 dabit,
745 1087 797 1163 qui
829 1092 1014 1146 sacramento
1047 1083 1215 1144 medicinae
1232 1101 1258 1140 ro

197 1173 328 1254 legitime
347 1181 393 1234 est
412 1173 572 1254 obligatus3
592 1174 644 1233 sed
663 1180 862 1252 persequetur
881 1191 941 1254 eos,
961 1191 1029 1234 cum
1046 1191 1095 1232 res
1109 1179 1214 1250 postu·

197 1262 310 1344 laverit,
333 1270 367 1322 ut
389 1261 519 1322 militans
543 1271 573 1322 et
595 1263 668 1322 civis
691 1260 787 1322 bonus
806 1262 1001 1342 omnimodo,
1028 1262 1096 1340 quia
1119 1260 1214 1320 medi·

198 1354 263 1413 cina
286 1369 347 1411 non
370 1351 488 1411 fortuna
511 1368 609 1429 neque
630 1352 767 1429 personis
786 1351 922 1410 aestimat
939 1349 1084 1429 homines,
1106 1365 1214 1409 verum

198 1439 361 1519 aequaliter
389 1439 528 1499 omnibns
555 1438 773 1518 inplorantibus
796 1438 903 1499 auxilia
929 1456 982 1498 sua
1005 1445 1213 1516 porrecturam

199 1537 228 1589 et
251 1545 463 1589 succursuram
487 1545 519 1588 se
542 1526 701 1606 pollicetur
724 1526 858 1606 nullique
881 1544 1021 1606 umquam
1044 1527 1214 1587 nocituram
1228 1543 1255 1584 15

163 1627 178 1675 o
198 1617 364 1696 profitetur.
396 1615 601 1697 Hippocrates,
620 1615 756 1676 conditor
770 1623 890 1676 nostrae
903 1615 1108 1695 professionis,
1128 1615 1214 1675 initia

199 1705 371 1784 disciplinae
391 1704 427 1765 ab
446 1705 638 1766 iureiurando
657 1704 788 1784 tradidit,
810 1707 842 1764 in
866 1723 925 1784 quo
946 1711 1081 1764 sanctum
1101 1713 1155 1783 est,
1179 1709 1214 1762 ut

199 1812 237 1854 ne
264 1795 418 1873 praegnati
441 1793 562 1872 quidem
584 1793 845 1873 medicamentum,
874 1811 933 1872 quo
962 1799 1140 1871 conceptum
1164 1808 1212 1851 er·

200 1885 325 1964 cutitur,
349 1890 401 1942 aut
428 1881 515 1942 detur
539 1888 589 1942 aut
613 1881 834 1942 demonstretur
866 1900 882 1942 a
910 1899 1060 1960 quoquam
1086 1879 1212 1960 medico,

199 1970 337 2032 videlicet
359 1970 446 2049 longe
470 1970 673 2050 praeformans
692 1971 806 2030 animos
825 1969 1003 2031 discentium
1023 1969 1058 2030 ad
1077 1968 1211 2029 humani·
1226 1987 1253 2026 eo

200 2067 300 2121 tatem.
342 2059 401 2130 Qui
424 2061 502 2118 enim
526 2058 609 2118 nefas
632 2060 865 2118 existimaverint
888 2076 941 2137 spe
965 2057 1054 2118 dubia
1076 2056 1211 2118 homines

199 2146 330 2228 laedere,
363 2153 507 2226 quantum
535 2145 691 2207 scelestius
718 2146 851 2225 perfecto
879 2148 938 2207 iam
965 2163 1074 2207 nocere
1102 2144 1211 2206 iudica·

199 2233 296 2296 bunt?
335 2234 433 2312 lllagni
457 2252 528 2313 ergo
551 2236 716 2295 aestimavit
738 2251 846 2296 nomen
870 2235 1022 2314 decusque
1049 2233 1211 2295 medicinae

199 2341 376 2384 conservare
400 2325 449 2401 pio
469 2329 631 2402 sanctoque
650 2324 747 2383 animo
767 2341 916 2403 quemque
935 2322 1099 2384 secundum
1117 2324 1212 2401 ipsius

199 2413 385 2491 propositum
401 2429 433 2471 se
447 2419 614 2492 gerentem3
633 2413 757 2472 scientia
771 2413 851 2472 enim
866 2412 996 2492 sanandi,
1011 2430 1071 2472 non
1085 2409 1211 2472 nocendi
1224 2428 1250 2468 ee

200 2506 246 2560 est
268 2499 423 2560 medicina.
459 2499 542 2570 Quae
565 2501 623 2560 nisi
646 2502 728 2560 omni
749 2507 834 2580 parte
858 2519 911 2561 sua
930 2500 1017 2579 plene
1036 2499 1162 2560 excubat
1179 2501 1210 2559 in

200 2587 308 2650 auxilia
331 2587 539 2670 laborantium,
561 2606 622 2648 non
645 2595 776 2668 praestat
800 2607 888 2668 quam
911 2588 1070 2669 pollicetur
1087 2587 1210 2647 homini·

166 2676 257 2738 obus
284 2676 516 2738 misercordiam.
557 2675 700 2738 Desinant
727 2695 811 2758 ergo,
842 2679 894 2756 qui
921 2677 1063 2756 prodesse
1087 2675 1210 2736 adflictis

200 2772 252 2825 aut
279 2764 385 2826 nolunt
414 2773 465 2826 aut
492 2783 552 2826 non
579 2773 717 2844 possunt,
746 2765 820 2825 alios
844 2783 963 2846 quoque
986 2764 1140 2825 deterrere
1162 2782 1210 2824 ne·

200 2852 296 2931 gando
319 2855 416 2933 aegris
439 2853 560 2934 auxilia,
589 2871 664 2932 quae
688 2872 741 2932 per
764 2855 824 2914 vim
846 2853 1131 2914 medicamentorum
1154 2853 1209 2913 fre·
1223 2871 1248 2910 eo

200 2950 327 3020 quenter
356 2941 542 3003 exhibentur.
588 2941 706 3002 Etenim
735 2945 820 3022 qnasi
848 2961 903 3022 per
931 2941 1041 3021 gradus
1070 2941 1211 3021 quosdam
1271 3013 1272 3018 γ

200 3029 347 3091 medicina
366 3030 568 3092 laborantibus
588 3033 746 3092 succurrit.
776 3031 850 3092 Nam
864 3032 995 3110 primum
1010 3028 1085 3092 cibis
1099 3033 1210 3092 ratione
1271 3065 1272 3070 κ

201 3125 329 3198 apteque
353 3124 487 3200 tempore
510 3119 586 3180 datis
609 3127 734 3198 temptat
756 3120 899 3198 prodesse
918 3118 1142 3201 languentibns3
1164 3119 1210 3180 de·

201 3207 270 3269 inde
290 3209 317 3268 si
334 3207 370 3268 ad
384 3207 440 3270 hos
454 3226 514 3269 non
528 3207 717 3288 responderit
735 3210 859 3291 curatio,
877 3208 914 3269 ad
931 3208 1211 3270 medicamentorum

273 3349 289 3397 3
312 3343 388 3398 artes
411 3349 466 3399 lm.
558 3351 574 3399 6
597 3343 627 3398 in
650 3343 751 3413 quibus
772 3344 932 3401 Oormriue.
1032 3350 1065 3398 13
1084 3343 1209 3400 hominis.

203 3420 237 3469 14
258 3417 422 3485 protectura
445 3416 522 3486 (rae.)
613 3419 645 3469 15
667 3418 696 3471 et
713 3432 763 3473 om.
856 3421 888 3470 1⁷
909 3415 958 3487 ab]
978 3416 1021 3472 ad
1113 3421 1146 3470 19
1165 3419 1211 3472 aut

202 3484 295 3557 detur]
315 3487 434 3542 audetur
451 3490 500 3542 lm
518 3485 649 3542 audietur
666 3492 727 3544 2m.
799 3493 833 3542 22
853 3489 959 3555 quanto
980 3485 1140 3544 Committe.
