2540 3802
500 109 538 120 -
585 74 740 140 230-

113 238 240 300 nucibus
259 235 447 314 iuglandibus
466 239 598 315 purgatis
618 255 652 296 ac
670 237 757 296 melle
776 237 869 297 inlitis
887 239 919 296 in
938 235 1004 297 cibo
1024 235 1137 298 datum

115 329 230 406 epatico
254 327 354 385 ieiuno
378 324 512 385 mirabile
538 333 592 386 est.

60 427 93 477 37
202 413 350 474 Procliani
373 413 481 474 medici
503 413 668 474 remedium
691 413 728 473 de
752 415 956 492 experimento
975 414 1011 474 ad
1031 418 1134 493 epatis

114 505 344 584 suppurationes
358 510 388 562 et
398 502 499 562 ulcera
515 511 545 564 et
554 511 734 580 apostemata
749 505 805 564 sic:
822 501 966 581 Sagapeni
976 505 1082 564 uncias
1094 503 1133 585 ll,

112 611 229 673 myrrae
253 591 459 670 troglodytidis
486 593 588 652 uncias
612 590 660 672 lll,
684 591 864 651 cardamomi
886 593 990 652 uncias
1009 591 1056 674 Vl,
1080 605 1162 652 cac-c

113 683 206 743 storei
225 682 327 742 uncias
346 679 395 753 ΙΙΙ,
414 682 526 759 piperis
545 679 604 740 albi
622 681 725 740 uncias
745 679 818 740 duas
837 689 888 740 aut
908 682 933 739 si
952 679 1052 740 album
1067 699 1131 741 non

112 771 212 852 luerit,
232 768 354 848 duplum
374 769 411 828 de
430 770 515 847 nigro
533 771 643 848 mittes,
662 771 723 848 opii
741 770 844 847 optimi
863 770 967 828 uncias
982 767 1017 828 ll.
1046 767 1131 830 Haec

112 862 211 920 omnia
234 866 321 919 tunsa
345 865 375 918 et
398 856 526 918 cribrata
549 876 604 936 per
624 856 762 935 impubes
780 875 890 936 pueros
909 875 986 936 aqua
1005 857 1130 936 pluviali

111 948 250 1009 miscebis
274 954 304 1007 et
326 947 417 1007 facies
440 947 606 1008 trochiscos
629 946 666 1006 de
691 945 769 1006 binis
798 945 959 1027 drachmis,
989 949 1041 1026 qui
1066 955 1129 1007 tro·

112 1037 206 1098 chisci
233 1038 264 1095 in
291 1034 397 1095 umbra
420 1053 480 1095 non
503 1035 619 1095 insola
644 1037 807 1114 siccentnr3
835 1037 906 1096 viris
932 1035 978 1094 vel
1001 1037 1129 1096 seniori·
1144 1049 1174 1088 10

111 1125 168 1186 bus
192 1128 334 1202 integros,
357 1125 459 1202 pueris
482 1123 529 1183 vel
552 1123 719 1184 minoribus
737 1123 876 1184 dimidios
894 1123 1062 1184 trochiscos
1081 1126 1128 1184 in·

111 1213 194 1272 fusos
212 1214 244 1271 in
262 1228 338 1288 aqua
359 1210 452 1270 calida
471 1211 563 1292 dabis,
583 1212 614 1272 id
633 1219 758 1272 estnon
777 1211 958 1273 febricitanti
977 1231 1046 1272 cum
1065 1215 1130 1274 vini

112 1302 223 1361 austeri
250 1300 326 1359 meri
354 1298 459 1378 cyatho
487 1317 570 1378 uno,
590 1300 708 1360 infirmo
737 1309 836 1361 autem
864 1320 900 1361 ex
928 1319 1002 1380 aqua
1031 1300 1129 1361 calida

112 1387 243 1469 dabitur3
267 1388 319 1448 sed
344 1387 453 1467 quibus
477 1387 655 1449 medendum
679 1391 745 1470 erit,
771 1389 845 1450 nihil
868 1391 977 1468 pingue
1001 1390 1128 1450 mandu-

112 1485 193 1559 cent,
221 1495 281 1538 non
309 1475 420 1552 oleum,
449 1495 509 1538 non
538 1495 671 1560 carnem,
700 1477 751 1538 sed
781 1479 817 1538 de
845 1477 1002 1539 lenticulae
1031 1478 1128 1540 farina
1145 1492 1173 1533 15

110 1566 225 1646 pultem
253 1584 321 1626 cum
349 1565 492 1646 oxymelle
521 1573 635 1628 coctam
668 1565 797 1626 admixto
826 1567 933 1627 anetho
967 1574 996 1627 et
1024 1565 1128 1645 puleio

110 1655 291 1716 manducent
315 1661 345 1715 et
367 1673 496 1736 poscam,
520 1662 711 1734 posteaquam
731 1673 871 1715 excreare
890 1654 937 1716 vel
956 1657 1039 1716 sitire
1058 1673 1127 1716 coe-

110 1746 218 1823 perint,
242 1743 372 1824 tepidam
395 1745 542 1822 accipiant
565 1752 595 1804 et
619 1745 728 1804 sensim
752 1743 863 1804 bibant.

57 1841 91 1889 38
200 1833 259 1902 Qui
281 1832 425 1911 palmulas
447 1832 577 1912 dactylos
601 1850 638 1892 ex
661 1839 744 1894 aceto
769 1832 942 1910 frequenter
965 1832 1126 1892 manduca·

58 1931 90 1978 39
112 1923 199 2003 verit,
231 1923 372 1982 iocineris
405 1921 507 1982 dolore
536 1920 657 1982 carebit.
702 1920 744 1981 De
772 1920 836 1999 lupi
862 1921 984 2001 praeda,
1018 1920 1049 1982 id
1077 1928 1126 1982 est
1142 1937 1171 1976 ao

111 2011 147 2071 de
175 2010 310 2090 reliquiis
338 2013 470 2071 vervecis
499 2018 550 2071 aut
579 2027 684 2088 caprae
708 2019 759 2070 aut
783 2009 942 2070 cuiuslibet
965 2011 1123 2070 animantis

112 2119 199 2178 quam
223 2099 387 2161 comederit
410 2117 530 2160 carnem
553 2097 600 2158 vel
622 2098 731 2176 pellem
750 2097 796 2158 vel
815 2117 848 2158 os
867 2098 971 2177 collige
991 2106 1021 2158 et
1039 2115 1125 2158 serva

110 2197 140 2248 et
164 2189 281 2268 quando
306 2187 412 2268 aliquis
430 2189 515 2248 iecur
533 2186 671 2270 doluerit,
690 2187 759 2248 inde
778 2205 847 2248 eum
866 2194 962 2268 tange,
981 2188 1124 2248 continuo

111 2276 271 2338 sanabitur.

57 2373 91 2424 40
200 2363 361 2442 Origannm
384 2367 415 2425 in
439 2382 514 2443 aqua
537 2363 670 2443 decoque
690 2363 725 2424 ad
745 2366 849 2425 tertias
868 2371 898 2424 et
915 2370 1019 2442 postea
1038 2365 1123 2424 mitte
1139 2376 1167 2418 2⁵

110 2451 206 2512 mellis
230 2453 309 2531 quod
333 2453 462 2513 sufficiat
485 2460 574 2531 atque
598 2455 707 2514 iterum
731 2453 865 2532 decoque
888 2453 1060 2533 diligenter,
1089 2461 1125 2513 ut

110 2540 228 2621 bulliat,
256 2550 286 2602 et
312 2541 381 2600 inde
410 2541 446 2601 da
475 2543 589 2620 epatico
614 2543 715 2602 ieiuno
740 2541 819 2620 quod
843 2544 914 2602 satis
938 2543 978 2602 sit
1000 2540 1125 2602 adsidue

57 2641 91 2688 41
111 2629 286 2710 hibendum,
314 2628 397 2690 valde
424 2628 590 2692 subvenies.
632 2629 787 2690 Lacertam
810 2630 935 2690 viridem
957 2630 1070 2708 prende
1094 2639 1126 2690 et

111 2718 147 2778 de
175 2725 262 2779 acuta
289 2725 373 2797 parte
403 2735 514 2778 cannae
537 2721 622 2778 iecur
646 2719 674 2778 ei
696 2717 766 2778 tolle
790 2727 820 2779 et
842 2721 874 2779 in
896 2719 1053 2797 phoenicio
1077 2717 1125 2778 vel

109 2825 207 2886 panno
236 2805 411 2867 naturaliter
439 2808 525 2884 nigro
554 2804 639 2884 alliga
667 2813 756 2886 atque
784 2806 820 2866 ad
851 2807 985 2868 dextram
1007 2815 1123 2886 partem
1139 2820 1167 2860 3⁰

110 2894 211 2954 lateris
239 2903 290 2955 aut
318 2893 433 2955 brachii
455 2894 601 2955 laboranti
625 2896 740 2973 epatico
764 2896 927 2976 suspende,
953 2895 1003 2956 sed
1028 2897 1124 2956 vivam

109 2983 250 3044 lacertam
274 2982 389 3043 dimitte
409 2991 440 3044 et
458 2979 549 3044 dicito
569 2985 609 3044 ei:
634 2981 711 3044 Ecce
731 2983 847 3044 dimitto
867 2992 896 3045 te
916 2986 1023 3062 vivam3
1047 2983 1124 3064 vide,

60 3077 64 3084 '
111 3081 144 3132 ut
167 3090 221 3151 ego
245 3090 453 3152 quemcunque
476 3073 546 3133 hinc
569 3074 695 3151 tetigero
720 3091 790 3151 epar
814 3091 874 3132 non
897 3072 1003 3134 doleat.

56 3171 91 3220 42
199 3161 243 3222 Ad
276 3162 416 3222 duritiam
445 3163 585 3223 iocineris
613 3161 801 3222 molliendam
829 3169 859 3221 et
887 3159 1048 3240 quamlibet
1075 3179 1124 3220 ve·

111 3259 206 3311 terem
230 3251 361 3313 dolorem
386 3250 550 3314 sedandum
572 3249 649 3312 bene
673 3251 743 3311 lacit
766 3248 881 3309 cunilae
903 3249 1011 3329 aridae,
1035 3261 1167 3326 quamne

100 3341 271 3400 satureiam
308 3341 427 3419 quidam
459 3347 584 3421 vocant,
616 3343 647 3400 in
680 3338 832 3418 pulverem
864 3337 1000 3397 redactae
1034 3337 1123 3396 dena·

111 3426 175 3484 rius
203 3445 281 3488 unus
309 3447 345 3488 ex
373 3429 462 3490 mulsi
489 3428 602 3508 cyathis
631 3427 760 3505 duobus,
793 3427 819 3484 si
846 3443 906 3484 non
933 3423 1124 3504 febricitabit,

24 3663 75 3760 Ι
