2518 3806
500 157 739 222 -361—

6 351 17 395 q
112 320 208 400 debet,
231 319 311 380 idem
335 328 365 380 et
388 327 507 398 postero
532 319 580 379 die
604 319 669 380 lieri
692 318 856 400 oportebit3
879 322 968 380 tertia
987 321 1034 382 dle
1054 341 1122 382 cum

112 409 270 469 fervefacta
293 409 404 468 luerint
427 410 534 490 omnia,
557 407 733 487 percolanda
758 415 847 468 erunt
870 416 899 468 et
918 411 1123 470 transferenda

6 533 13 572 ζ
111 499 142 557 in
177 497 335 558 caccabum
368 498 498 575 priorem
528 504 698 577 pertusum3
732 496 783 556 sed
812 503 880 556 ante
908 496 1065 576 diligenter
1093 507 1123 558 et

6 622 14 662 ξ,
112 587 208 664 spisse
236 585 369 646 foramen
398 587 462 646 eius
490 583 689 645 obturandum
718 587 775 645 erit
802 592 890 664 atque
914 584 966 645 ubi
989 585 1122 664 congela-

6 691 11 749 ῑ
85 677 189 734 sverit
216 692 247 734 se
276 674 380 754 adeps,
410 673 624 734 extrahendum
648 673 855 734 obturaculum
880 676 937 734 erit
962 681 992 734 et
1014 676 1121 751 spissa-

6 780 10 838 ,
111 769 245 822 mentum
264 761 484 844 removendum,
503 769 537 822 ut
551 764 652 822 vinum
667 780 753 822 omne
769 761 891 822 ellluere
906 764 1009 840 possit.
1037 760 1123 832 Quod

112 869 180 911 cum
204 849 374 933 defluxerit,
397 850 488 929 adeps
511 850 557 910 vel
580 850 842 930 medicamentum,
866 850 944 929 quod
968 850 1123 930 resederit,

111 957 180 1000 vaso
200 947 321 1018 stagneo
340 957 400 999 uno
419 939 465 998 vel
483 937 620 1018 pluribus
639 939 796 1018 diligenter
815 941 928 1016 opertis
947 945 977 999 et
991 937 1122 1018 adplnm-

111 1027 188 1088 batis
212 1035 382 1106 reponetur.
739 1076 742 1080 .

72 1134 98 1174 ro
201 1115 313 1176 Harum
337 1117 598 1196 compositionum,
623 1116 729 1194 siqua
753 1115 826 1176 fides
850 1121 904 1196 est,
928 1117 1044 1195 etipse
1069 1134 1123 1195 ego

112 1203 196 1264 utilia
218 1205 349 1264 remedia
373 1221 491 1282 semper
509 1211 650 1282 expertus
671 1221 736 1264 sum
756 1212 786 1264 et
804 1203 876 1264 alios
894 1203 973 1264 idem
994 1207 1123 1264 sensisse

112 1293 270 1374 confirm03
289 1311 356 1353 nam
376 1299 406 1353 et
423 1291 496 1353 illud
515 1292 619 1372 adicio,
638 1310 826 1372 nequaquam
844 1291 914 1352 huic
933 1311 1025 1372 acopo
1045 1311 1123 1353 com-

112 1383 211 1461 parari
242 1400 329 1460 posse
362 1381 417 1442 alia
445 1381 652 1462 medicamina,
685 1399 760 1460 quae
792 1383 823 1440 in
851 1380 998 1441 similibus
1025 1383 1123 1442 causis

112 1469 247 1548 plerique
270 1472 433 1530 amicorum
456 1487 602 1549 meorum,
624 1469 733 1547 quibus
759 1487 852 1546 aeque
876 1487 910 1528 ac
934 1468 1006 1529 mihi
1025 1470 1124 1547 credo,

73 1575 99 1616 15
113 1559 232 1636 egregia
255 1575 287 1617 se
311 1565 449 1635 expertos
473 1575 541 1618 cum
564 1556 756 1617 iureiurando
776 1556 1013 1616 adfirmaverunt.
1049 1556 1124 1617 lllud

114 1653 212 1706 autem
244 1647 414 1706 meminisse
447 1653 565 1723 oportet
593 1645 820 1704 medicaminum
848 1646 961 1722 peritos
989 1643 1035 1704 vel
1063 1653 1124 1705 stu-

114 1734 226 1814 diosos,
259 1751 480 1812 nonnumquam
504 1733 607 1793 eadem
631 1732 825 1792 medicamina
852 1735 884 1791 in
911 1731 1017 1792 iisdem
1044 1734 1124 1792 vitiis

114 1824 248 1900 corporis
277 1821 322 1881 vel
350 1819 497 1881 similibus
523 1820 745 1881 infirmitatibus
772 1820 922 1880 interdum
946 1816 1052 1881 melius
1076 1821 1125 1881 de·

114 1912 244 1970 teriusve
272 1909 454 1989 respondere
481 1917 605 1988 propter
627 1926 787 1987 corporum
810 1908 1050 1987 inaequalitatem
1073 1917 1125 1970 aut

73 2017 99 2056 20
114 1999 312 2059 differentiam
335 2005 465 2058 aetatum
488 2005 539 2058 aut
562 1999 812 2077 opportunitatem
831 2005 999 2075 temporum
1019 1997 1065 2058 vel
1083 1997 1124 2058 lo-

113 2105 225 2160 corum,
245 2087 297 2147 sed
317 2087 440 2147 adfirmo
460 2104 620 2166 prosperos
639 2095 772 2167 eventus,
791 2087 817 2144 si
836 2085 954 2164 quando
973 2104 1048 2164 opus
1062 2086 1124 2146 lue-

112 2179 153 2236 rit
176 2175 319 2256 adhiberi,
342 2174 396 2236 has
420 2177 650 2254 compositiones
675 2192 793 2252 semper
816 2172 978 2234 habituras.

203 2263 400 2325 Cbalasticnm
425 2262 630 2343 Olympianum
654 2265 833 2323 cerotarium
857 2264 973 2340 insigne
997 2262 1033 2322 ad
1057 2280 1124 2322 ner·
1144 2279 1179 2328 10

113 2369 217 2412 vorum
241 2352 359 2412 dolores
383 2359 413 2412 et
435 2359 582 2433 tumores,
609 2351 688 2431 quod
711 2351 790 2411 idem
814 2350 850 2410 ad
874 2350 1012 2429 rhagadia
1036 2358 1066 2410 et
1088 2351 1125 2411 ad

73 2456 99 2498 rs
113 2439 249 2518 pustulas
272 2441 344 2501 utile
369 2449 426 2522 est,
457 2441 614 2501 coniicitur
638 2443 694 2500 sic:
729 2439 817 2499 Turis
840 2471 885 2482 -
903 2438 942 2520 11,
966 2439 1125 2500 masticbes

117 2561 154 2572 -
175 2528 211 2608 ll,
236 2547 357 2608 spumae
381 2531 497 2608 argenti
518 2561 555 2574 -
576 2528 612 2610 ll,
636 2545 775 2588 cerussae
798 2560 836 2571 -
857 2525 892 2607 ll,
916 2526 1126 2606 molybdaenae

117 2649 155 2660 -
176 2616 212 2697 ll,
236 2617 294 2676 olei
312 2619 392 2677 rosei
410 2616 441 2677 P.
461 2617 482 2698 l,
507 2635 592 2678 cerae
611 2616 697 2693 albae
714 2649 755 2658 —
775 2614 838 2695 llll,
857 2615 952 2695 adipis
971 2618 1125 2678 anserinae

116 2737 155 2748 —
176 2705 216 2786 ll,
241 2704 385 2766 medullae
409 2709 546 2766 cervinae
570 2737 613 2748 -
631 2704 671 2786 ll,
699 2722 805 2764 sucum
828 2704 1011 2765 lactucarum
1035 2718 1125 2782 quan-

114 2802 177 2854 tum
200 2793 342 2873 sufficiat,
369 2795 410 2854 ita
438 2800 472 2854 ut
500 2812 535 2854 cx
564 2794 798 2872 suprascriptis
822 2811 897 2871 quae
921 2794 979 2853 teri
1002 2810 1125 2852 necesse

73 2889 161 2942 coest
193 2899 261 2942 cum
293 2900 365 2942 suco
398 2883 463 2960 ipso
495 2881 572 2942 bene
603 2889 739 2942 terantur
771 2890 801 2942 et
832 2888 935 2959 postea
968 2882 1126 2960 supermit-

113 2977 215 3032 tantur
242 2977 408 3050 unguenta,
440 2969 470 3030 id
505 2977 551 3030 est
584 2968 695 3048 oleum,
728 2987 797 3030 cera
831 2977 861 3029 et
892 2969 982 3048 adeps
1011 2971 1126 3029 anseris

114 3065 144 3118 et
172 3057 299 3119 medidla
330 3061 463 3138 cervina,
491 3066 521 3118 et
549 3059 592 3118 sic
620 3059 788 3118 conlectum
813 3057 998 3117 medicamen
1021 3058 1052 3116 in
1075 3075 1126 3135 py-

113 3146 181 3207 xide
215 3155 335 3224 stagnea
368 3155 418 3207 aut
450 3148 482 3206 in
515 3145 633 3206 vasculo
666 3144 806 3224 plumbeo
838 3152 1013 3226 reponatur,
1047 3146 1126 3204 simi-

114 3235 182 3295 liter
204 3237 236 3294 in
259 3238 461 3296 contractione
485 3251 644 3295 nervorum
668 3251 737 3294 caro
760 3232 930 3311 palumbina
954 3239 1071 3313 sumpta
1094 3235 1126 3292 in

6 3301 7 3332 ³
74 3341 100 3383 es
115 3322 181 3384 cibo
204 3323 335 3402 prodest.

206 3516 238 3565 10
256 3510 328 3583 ipse]
348 3511 522 3568 Scribonium
541 3511 671 3582 intetiiqc,
689 3511 768 3567 caios
786 3511 851 3566 boec
868 3515 934 3566 sunt
951 3511 1040 3566 aerbo
