2528 3814
487 149 724 213 -345-

5 343 7 378 r
95 317 183 370 aceto
203 311 355 389 adpositus
375 309 447 370 adeo
472 309 601 392 prodest,
625 319 659 372 ut
678 312 814 390 spodium
834 320 864 373 ct
882 313 1026 374 utilitates
1045 315 1110 376 cius

5 429 6 450 1
94 401 129 458 in
158 399 241 460 bisce
269 398 474 460 curationibus
502 402 607 460 vincat.
653 399 706 460 Fel
738 402 894 479 caprinum
927 420 995 462 curn
1023 402 1110 463 melle
1128 415 1161 464 41

5 553 6 556 ,
95 491 209 550 veretri
233 487 385 548 doloribus
409 486 619 567 ulceribusque
642 488 760 550 inlitum
783 489 913 568 prodest.
951 488 1026 550 Caro
1045 509 1110 551 vac·
1129 504 1164 553 42

96 581 165 639 cina
189 595 294 638 recens
315 584 432 636 veretro
451 579 588 655 imposita
606 576 706 637 ulcera
726 579 790 638 eius
809 585 839 638 et
858 577 1016 657 epiphoras
1035 581 1110 639 mire

67 675 246 747 spersanat.
294 664 476 726 Salsamenta
509 673 613 726 exusta
645 667 832 746 contritaque
866 674 896 727 et
928 684 996 727 oum
1024 667 1110 728 melle
1129 681 1165 730 44

96 763 216 817 veretro
240 756 367 833 inposita
390 753 548 815 adversum
571 772 674 814 omnes
698 755 815 816 dolores
839 763 869 816 44
888 755 1110 816 formicationes

96 843 279 923 singularem
307 843 468 903 efficaciam
496 851 657 922 praestant.
698 843 847 904 Anothum
875 846 988 904 siccum
1010 847 1110 905 uritur
1129 857 1166 907 44

96 936 234 1012 cinisque
262 933 327 992 eius
354 933 445 992 tritus
472 939 523 992 444
547 950 615 992 cum
638 933 706 992 vino
730 940 831 993 vetere
854 939 972 993 veretro
995 934 1110 1012 insper-

97 1024 179 1101 gitur
207 1029 258 1082 aut
286 1038 354 1080 oum
381 1019 468 1080 melle
496 1020 638 1080 subactus
667 1020 833 1082 adhibetur.
877 1021 936 1081 Lao
962 1023 1110 1082 asininum
1128 1033 1166 1083 44

54 1134 82 1174 10
97 1130 167 1172 cum
195 1110 260 1170 lana
288 1108 390 1169 sucida
417 1109 453 1168 ad
481 1109 654 1170 umbilicum
678 1109 798 1189 babeat,
826 1111 964 1189 quotiens
988 1113 1056 1189 quis
1079 1112 1110 1170 in

96 1217 237 1260 venerem
259 1197 387 1258 voluerit
409 1199 536 1259 incitari.

187 1288 303 1348 Eruoae
326 1287 448 1346 seminis
468 1278 507 1372 ,βα
527 1285 576 1366 lll,
599 1285 683 1346 bulbi
703 1287 760 1346 rud
781 1278 888 1372 2111,
911 1287 1011 1348 444141
1028 1289 1111 1365 pinei
1129 1299 1167 1348 44

96 1379 216 1456 purgati
236 1368 275 1462 ¹9·
294 1374 341 1454 Vl,
364 1377 463 1453 spicae
482 1375 568 1435 nardi
587 1367 627 1460 2·
646 1373 696 1455 ΙΙΙ,
718 1381 799 1435 teres
818 1375 933 1454 singula
952 1375 1110 1454 diligenter

98 1474 128 1526 44
151 1463 346 1543 permiscebis
367 1471 456 1542 atque
474 1464 543 1524 inde
562 1462 697 1542 globulos
716 1463 807 1523 144144
826 1464 862 1524 ad
881 1464 1005 1524 formam
1024 1467 1111 1525 44414

57 1575 83 1615 15
98 1552 246 1614 avellanae
265 1559 296 1611 et
314 1569 382 1611 cum
402 1569 477 1629 opus
496 1553 587 1612 144414
605 1550 738 1628 singulos
752 1550 928 1629 liquefactos
942 1555 973 1612 in
988 1554 1110 1630 caprino

98 1642 173 1703 14444
197 1639 322 1720 potabis,
345 1641 425 1700 siin
449 1657 587 1699 venerem
611 1639 740 1698 volueris
766 1640 897 1700 accendi.

189 1730 341 1790 Satureiae
370 1727 504 1787 Creticae
532 1720 622 1814 21,
650 1745 766 1806 myrrae
791 1721 875 1814 141,
903 1727 1002 1788 444141
1029 1730 1111 1807 pinei
1128 1741 1167 1790 44

99 1821 217 1898 purgati
241 1818 434 1898 quartarium,
457 1834 564 1877 erucae
588 1817 710 1877 seminis
736 1815 943 1896 -Ι,4411144
967 1825 1109 1896 purgatae

99 1940 142 1952 -
161 1906 182 1968 Ι.
217 1905 322 1966 Omnia
345 1905 418 1965 haee
437 1907 565 1966 44444144
583 1903 723 1964 miscebis
742 1912 772 1966 44
790 1904 924 1983 globulos
944 1905 981 1965 ad
999 1909 1110 1984 magni·

59 2017 86 2056 44
101 1996 234 2056 tudinem
263 1993 346 2054 labae
374 1994 465 2054 144144
493 2002 523 2054 44
550 1992 682 2072 singulos
715 1993 751 2054 ad
780 1993 857 2054 diem
890 1995 1009 2054 ieiunus
1042 2013 1110 2054 cnm

100 2086 221 2164 caprino
244 2083 320 2143 lacte
344 2082 469 2161 potabis,
492 2085 518 2143 si
541 2082 670 2142 volueris
694 2099 760 2142 esse
784 2081 917 2142 salacior.

188 2171 326 2252 Pyrctbri
349 2173 413 2231 triti
436 2170 566 2249 pulveris
590 2170 762 2232 cocliarium
785 2171 907 2249 plenum
930 2188 999 2231 cum
1021 2189 1110 2250 passo
1128 2183 1167 2233 48

99 2271 202 2341 potum
226 2263 335 2321 excitat
358 2261 389 2318 in
413 2277 552 2320 venerem
574 2258 696 2320 inutiles
719 2277 824 2320 mares.

188 2349 246 2420 Qui
272 2349 371 2428 potuit
398 2355 428 2408 et
455 2366 515 2408 non
538 2357 648 2427 potest,
672 2357 706 2409 ut
729 2356 886 2428 reparetur
908 2349 939 2408 in
962 2366 1110 2428 venerem,
1129 2360 1166 2410 49

60 2457 87 2498 44
100 2439 215 2500 44411444
238 2439 408 2498 4444444414
432 2439 557 2516 agrestis
579 2438 715 2497 concisas
738 2439 907 2498 minutatim
927 2439 958 2497 14
977 2436 1041 2498 4144
1061 2437 1110 2498 de·

2 2646 7 2804 l

3 2857 7 2913 l

3 2975 7 3010 l

4 3035 7 3138 l

5 3258 8 3301 l

5 3339 8 3379 l

6 3391 9 3557 l

5 3612 9 3715 l

101 2537 208 2606 coquat
230 2535 261 2587 ct
283 2528 314 2586 in
340 2524 458 2586 vasculo
482 2527 575 2584 vitreo
598 2533 731 2585 reservet
759 2533 789 2586 et
817 2543 886 2586 oum
912 2543 987 2603 opus
1011 2526 1110 2606 144414,

101 2624 212 2694 unguet
233 2615 290 2675 sibi
309 2616 340 2675 in
360 2613 475 2674 balineo
495 2615 621 2674 interius
640 2616 820 2675 4444444144
840 2631 927 2674 omne
951 2622 1110 2693 veretrum,

3 2749 7 2763 .
102 2705 152 2764 sed
172 2721 313 2783 saponem
333 2721 393 2762 non
412 2701 520 2782 abluat,
545 2704 644 2762 statim
663 2701 844 2764 incitabitur.
878 2702 993 2764 Poterit
1012 2710 1110 2762 autem

102 2791 294 2872 sequentibus
318 2791 437 2871 diebus,
465 2792 491 2850 si
514 2809 636 2852 necesse
660 2791 762 2871 144414,
786 2793 874 2852 etiam
903 2794 967 2852 sine
995 2791 1111 2852 lavacro

62 2901 87 2941 oo
101 2889 249 2942 veretrum
269 2879 327 2940 sibi
346 2879 481 2940 similiter
500 2880 604 2940 eodem
623 2879 817 2941 medicamine
836 2898 1040 2960 perunguere3
1061 2897 1110 2940 ua·

101 2979 166 3031 4444
190 2969 325 3048 genitalis
348 2970 443 3028 maior
461 2977 491 3028 44
510 2968 633 3028 solidior
650 2968 807 3049 videbitur,
831 2973 856 3032 si
877 2970 914 3030 de
932 2969 986 3029 lilii
1004 2968 1112 3028 radici-

101 3059 155 3120 bus
183 3061 280 3120 tunsis
308 3057 484 3136 cataplasma
512 3059 541 3116 ei
567 3059 705 3138 inponas,
733 3076 808 3137 quae
835 3058 928 3118 nihilo
956 3060 1055 3117 minus
1081 3064 1113 3116 44

101 3150 201 3208 veneri
223 3145 425 3207 incendendae
450 3147 521 3205 satis
544 3146 626 3206 utilis
650 3154 704 3206 444.

188 3235 304 3297 Herbae
319 3234 410 3295 rebus
424 3235 553 3294 veneriis
568 3242 661 3315 aptae,
680 3235 811 3314 ralanus,
829 3252 927 3314 eruca,
942 3251 1112 3314 asparagus,
1130 3244 1166 3294 44

164 3369 166 3374 ’
190 3376 206 3425 6
225 3369 437 3438 fumigationes,
460 3370 573 3423 correct.
648 3375 681 3423 12
704 3387 722 3424 4
745 3369 884 3430 uocabulis
902 3367 979 3438 pinei
997 3369 1111 3440 purgati

103 3443 184 3497 codex
198 3457 296 3496 rursus
309 3442 417 3510 incipit.
463 3439 691 3508 inliquefactae.
749 3445 781 3495 14
801 3439 911 3496 mitras.
964 3439 1042 3510 pinei
1060 3457 1110 3498 om.

103 3519 261 3567 revenere.
334 3517 369 3567 28
388 3527 522 3582 saponem
539 3513 652 3581 44414414
671 3512 781 3568 sabone.
855 3517 889 3566 30
907 3516 1024 3568 veretro.
