2564 3794
540 131 780 194 -102-

150 301 185 354 ut
208 291 363 353 considant
386 293 503 373 sordes,
526 301 556 353 et
579 300 647 372 post
670 293 742 353 baec
766 293 889 373 celabis,
912 303 946 354 ut
969 296 1008 353 sit
1031 293 1165 372 liquidis·

151 383 245 442 simus
269 399 372 462 sucus;
396 381 432 442 de
454 382 511 442 boc
535 381 650 460 liquore
675 381 748 442 duas
771 391 872 460 partes
893 385 993 442 mittes
1020 393 1051 442 et
1075 401 1164 442 unam

150 469 246 530 mellis
275 469 416 530 stillaticii
444 480 495 530 aut
522 479 604 530 certe
632 472 723 530 Attici
750 473 854 548 optimi
886 481 917 530 et
944 473 987 530 sic
1015 470 1165 548 decoques

150 559 182 617 in
201 575 269 618 vase
288 557 399 637 duplici
418 558 453 618 ad
474 561 590 638 tertias;
613 566 677 618 tum
697 558 854 620 decoctum
873 559 1018 619 recondes
1042 567 1072 618 et
1095 577 1165 619 cum

150 665 225 726 opus
254 646 358 726 luerit,
386 646 514 707 calidum
542 665 596 726 per
624 646 778 726 specillum
806 646 979 707 medicinale
1007 649 1039 707 in
1062 664 1192 708 aurema

149 735 289 795 infundes
317 736 371 816 ita,
400 743 433 795 nt
461 736 649 814 postmodum
677 737 771 813 ipsam
801 736 837 795 de
865 735 930 794 lana
959 737 1071 795 marino
1096 753 1164 795 con-

98 835 132 884 74
150 821 247 902 cbylio
280 823 388 884 inlecta
421 823 548 883 claudas.
595 822 716 883 Cunilae
749 823 852 884 viridis
886 841 977 884 sucus
1005 841 1165 902 expressus

98 922 130 972 75
151 919 240 990 atque
267 911 417 972 auriculae
446 912 563 972 infusus
591 914 678 972 unice
707 912 838 972 dolorem
862 911 947 972 tollit.
992 911 1165 973 Vettonicae

149 999 260 1060 herbae
292 1000 395 1060 viridis
428 1010 458 1060 et
485 1003 615 1060 recentis
643 1000 712 1060 lolia
740 1001 785 1061 vel
813 1018 867 1079 per
895 1018 928 1060 se
956 1000 1002 1060 vel
1030 1003 1061 1060 in
1089 1019 1166 1079 aqua

148 1087 312 1147 madefacta
335 1091 423 1148 terito
448 1106 613 1167 sucumque
637 1107 740 1149 eorum
760 1091 898 1169 excipito,
922 1089 1028 1148 deinde
1049 1089 1164 1150 adiecto
1180 1107 1206 1147 ιο

149 1193 234 1234 rosae
269 1193 341 1235 suco
374 1186 424 1236 aut
452 1194 574 1236 rosaceo
602 1175 667 1237 oleo
695 1177 795 1255 tepido
828 1179 859 1236 in
894 1196 996 1237 aurem
1023 1178 1165 1239 instillato

98 1277 131 1325 76
150 1262 275 1342 lanaque
299 1263 436 1345 claudito,
460 1266 568 1324 mirum
590 1272 644 1324 est.
683 1264 715 1324 Si
734 1265 866 1326 auricula
883 1267 1011 1326 interius
1029 1265 1165 1327 ulcerosa

150 1353 220 1431 erit,
249 1353 331 1430 porri
354 1355 457 1412 sectivi
482 1371 586 1413 sucum
606 1349 637 1412 θ
657 1353 669 1412 Ι
693 1371 762 1412 cum
786 1353 881 1413 mellis
903 1354 1022 1414 hemina
1046 1355 1080 1414 ad
1105 1362 1164 1414 ter·

149 1441 206 1499 tias
234 1438 392 1518 decoquito
419 1448 447 1500 et
476 1459 530 1519 per
557 1440 652 1500 lanam
677 1442 810 1520 tepidum
834 1444 865 1501 in
889 1461 991 1502 aurem
1014 1442 1164 1504 instillato.

97 1541 129 1590 77
150 1526 298 1588 Cannabis
327 1528 464 1589 foliorum
493 1547 583 1589 sucus
611 1529 761 1590 auriculae
789 1530 949 1591 instillatus
978 1549 1093 1590 vermes
1120 1533 1206 1590 in-1a

149 1624 234 1676 natos
253 1616 370 1677 necabit
388 1626 419 1677 et
438 1619 463 1677 si
482 1617 561 1695 quod
580 1617 658 1678 aliud
679 1618 786 1678 animal
805 1621 973 1698 inrepserit,
996 1619 1164 1680 interficiet.
1258 1669 1259 1672 ,

97 1717 130 1765 78
149 1704 290 1765 Eiusdem
318 1707 440 1766 seminis
466 1706 569 1766 viridis
593 1725 684 1766 sucus
707 1706 867 1767 instillatus
890 1707 1022 1768 dolorem
1046 1726 1164 1767 omnem

97 1805 129 1854 79
149 1793 298 1854 auriculae
326 1802 465 1873 potenter
493 1797 607 1855 avertit.
654 1795 748 1873 Gepae
777 1814 868 1856 sucus
897 1814 964 1856 cum
989 1795 1074 1855 melle
1098 1815 1165 1874 per·

148 1884 259 1942 mixtus
282 1890 312 1942 et
334 1883 484 1944 auriculae
508 1883 668 1944 instillatus
691 1886 820 1961 graviter
844 1884 998 1944 audientes
1017 1885 1164 1964 ernendat,

149 1969 281 2030 dolorem
305 1971 397 2052 sedat,
423 1972 581 2050 purulenta
606 1981 759 2051 expurgat,
783 1990 899 2032 vermes
922 1981 1034 2052 enecat,
1058 1991 1164 2051 aquam
1179 1991 1206 2030 eo

149 2060 251 2141 etiam,
285 2078 359 2138 quae
390 2065 523 2138 ingressa
551 2061 655 2139 fuerit,
683 2069 713 2120 et
741 2079 858 2120 omnem
887 2079 1022 2120 umorem
1055 2062 1163 2123 educit.

95 2157 130 2208 80
150 2146 305 2226 Cyminnm
334 2148 469 2208 silvestre
495 2151 657 2208 ‘contritum
682 2157 712 2208 et
735 2168 807 2209 suco
831 2157 916 2209 rutae
939 2151 1096 2210 inmixtum
1120 2153 1163 2210 in·

149 2234 350 2313 stillatumque
374 2236 524 2296 auriculae
548 2236 680 2296 dolorem
703 2236 789 2317 lenit,
820 2244 923 2297 ventos
947 2256 1066 2316 quoque
1089 2240 1164 2298 inte-

148 2325 212 2382 rius
236 2333 375 2383 sonantes
399 2332 532 2385 removet
555 2333 644 2402 atque
668 2343 754 2384 omne
779 2327 882 2385 vitium
906 2335 1044 2404 potenter
1066 2344 1163 2386 emen-

95 2423 128 2472 81
149 2409 206 2472 dat.
243 2411 380 2490 Herbam,
396 2430 483 2490 quam
499 2411 604 2473 Graeci
618 2412 793 2492 polygonon,
808 2431 862 2473 nos
877 2413 990 2492 aliquot
1004 2414 1164 2494 vocabulis,
1178 2431 1205 2471 eo

149 2499 201 2559 sed
225 2502 383 2578 praecipue
408 2500 609 2578 sanguinalem
634 2501 770 2580 dicimus,
794 2503 868 2562 mira
891 2503 1022 2562 efficacia
1047 2502 1164 2562 dolores

148 2589 265 2648 aurium
295 2587 444 2648 discutere
473 2591 562 2648 etiam
592 2607 646 2650 nos
670 2593 784 2668 experti
809 2609 925 2670 sumus,
954 2593 980 2650 si
1004 2609 1164 2669 expressus

95 2688 129 2737 82
149 2694 240 2736 sucus
259 2677 323 2736 eius
343 2676 507 2754 tepefactus
522 2676 645 2738 auribus
660 2678 829 2740 instilletur.
867 2678 1039 2740 Senecionis
1053 2679 1164 2740 herbae

151 2782 241 2824 sucus
270 2783 337 2826 cum
366 2765 479 2844 liquido
507 2765 600 2826 nardo
627 2765 787 2826 instillatus
815 2775 845 2827 et
868 2767 986 2828 dolores
1010 2776 1040 2828 ct
1062 2768 1164 2828 ulcera

100 2863 133 2913 83
153 2855 270 2913 aurium
304 2861 395 2914 sanat.
446 2853 551 2914 Oleum
583 2853 732 2915 laurinum
760 2855 867 2934 strigili
894 2855 1008 2916 ferreae
1035 2856 1163 2916 inditum
1178 2873 1206 2913 eo

152 2948 240 3020 atque
266 2944 306 3002 ita
330 2941 505 3003 calefactum
528 2943 719 3021 inlusumque
743 2943 892 3004 auriculae
916 2943 1048 3003 dolorem
1072 2943 1165 3003 sedat.

97 3040 131 3089 84
151 3028 273 3090 Vermes
292 3049 328 3091 ex
352 3030 484 3110 qualibet
507 3031 613 3091 arbore
636 3031 721 3092 rubri
744 3031 854 3092 coloris
872 3033 993 3091 contriti
1012 3049 1079 3091 cum
1099 3030 1163 3090 oleo

97 3129 131 3180 aa
151 3125 181 3179 et
204 3119 295 3179 inlusi
318 3118 436 3180 dolores
459 3122 576 3181 aurium
596 3121 709 3181 sedant.
746 3121 829 3198 Aqua
848 3122 980 3198 ingressa
1001 3119 1164 3180 auriculam

149 3209 175 3268 si
198 3207 330 3269 dolorem
354 3208 455 3289 faciet,
483 3207 552 3268 rubi
575 3213 671 3270 teneri
695 3226 785 3268 sucus
809 3225 968 3286 expressus
992 3219 1022 3268 et
1045 3209 1164 3270 inlusus

221 3414 424 3486 tapecillum]
449 3413 566 3486 spicille.
683 3413 834 3468 omarina.
942 3413 1090 3484 conchylio
1114 3434 1165 3472 om.
1252 3427 1253 3433 ’

151 3489 167 3537 7
185 3481 350 3542 inconfecta.
426 3490 457 3539 12
478 3485 614 3556 clandito]
634 3484 715 3540 cladi.
789 3488 823 3537 28
842 3481 998 3541 senibionie.
