2540 3802
471 127 707 190 -173—

71 285 187 346 inulam
211 287 365 365 rusticam,
391 285 510 364 quidam
534 285 612 346 alum
632 285 775 348 Gallicum
802 299 915 369 vocant,
938 289 997 350 lota
1019 291 1092 352 haec

71 393 150 453 aqua
169 375 277 452 frigida
298 382 329 434 et
347 392 414 434 rasa
433 372 554 434 cultello
573 373 706 435 eburneo
724 374 771 436 vel
790 395 884 437 osseo.
915 378 1008 439 Datur
1027 397 1091 440 sex·

71 473 140 524 tans
169 463 264 523 librae
293 481 329 522 ex
358 481 391 522 ea
420 473 472 523 aut
499 481 533 522 eo
563 463 689 541 amplius
717 463 762 524 vel
791 473 934 543 quantum
962 470 1093 545 potuerit

72 551 165 612 debet
192 551 373 612 manducare
401 558 432 611 et
459 550 602 611 devorare
631 553 680 612 cui
703 568 778 631 opus
807 560 865 634 est,
892 559 1093 632 nequeenim

42 657 174 701 samara
199 647 253 700 est.
285 639 411 718 Oportet
429 647 528 700 autem
547 657 582 700 eo
602 639 650 699 die
670 649 786 701 acetum
805 659 866 701 non
885 651 993 722 gustet,
1013 645 1092 721 quod

71 728 228 789 interdum
246 746 302 806 per
322 746 353 788 se
373 727 470 788 solum
489 728 644 806 magnifice
664 727 740 789 solet
758 729 910 812 prodesse,
930 730 982 791 sed
1001 730 1091 792 huius

71 817 185 881 radicis
209 817 348 877 ellectum
372 816 502 896 resolvit,
526 819 551 876 si
575 835 644 877 cum
667 835 700 876 ea
724 817 820 878 detur.

163 905 245 966 Bene
265 905 335 965 lacit
354 905 390 965 ad
410 906 536 966 arteriae
556 908 744 984 eruptionem
763 905 902 985 polygoni
920 924 1011 966 sucus
1026 925 1090 986 oya·
1110 921 1145 969 aa

72 995 197 1054 thorum
220 994 314 1054 duum
338 1002 389 1054 aut
411 995 503 1054 trium
527 1011 581 1072 per
604 993 737 1054 triduum
759 994 846 1054 datus
865 1002 895 1055 et
913 994 1091 1074 plantaginis

29 1104 59 1142 ιο
73 1085 163 1143 tritae
188 1083 293 1142 eodem
317 1082 405 1142 modo
429 1082 515 1142 datus
539 1099 631 1142 sucus
653 1081 815 1160 plurimum
833 1083 969 1164 prodest,
992 1091 1090 1144 cretae

73 1189 194 1250 quoque
219 1171 335 1230 Samiae
359 1169 486 1230 liunus
510 1179 647 1250 sumptus
672 1189 707 1231 ox
731 1189 824 1250 aquae
848 1172 971 1251 frigidae
992 1174 1091 1252 rigore

73 1261 209 1320 detracto
229 1257 343 1338 cyathis
358 1257 456 1319 tribus
470 1259 648 1320 validissime
663 1263 757 1341 iuvat3
775 1260 885 1321 herbae
905 1263 994 1322 etiam
1008 1261 1088 1341 poly-

73 1350 154 1428 goni,
178 1365 264 1428 quae,
289 1355 322 1407 ut
345 1349 460 1426 opinor,
484 1349 602 1408 tiniaria
620 1356 752 1428 vocatur,
771 1349 940 1432 fasciculus,
960 1359 1089 1430 quantus

72 1454 165 1496 manu
193 1434 398 1514 conprehendi
427 1437 535 1515 possit,
567 1438 597 1495 in
626 1437 724 1497 trihus
756 1437 884 1498 heminis
916 1457 1008 1517 aquae
1041 1439 1090 1499 de-

29 1545 58 1586 15
73 1533 179 1586 coctus
209 1525 245 1584 ad
273 1526 377 1584 tertias
410 1531 492 1584 recte
524 1523 661 1584 medetur
689 1527 840 1604 eruptioni
872 1529 1023 1604 sanguinis
1054 1545 1089 1587 ex

72 1615 203 1693 arteriis,
228 1614 253 1672 si
278 1615 345 1691 quis
368 1611 438 1672 inde
459 1611 605 1672 laboranti
624 1612 744 1692 cyathos
763 1620 825 1673 tres
845 1615 945 1673 ieiuno
964 1631 1018 1692 per
1037 1617 1088 1674 tri-

72 1702 168 1762 duum
196 1701 343 1763 dederit:
368 1701 494 1780 Oportet
525 1709 624 1762 autem
654 1702 796 1761 sentienti
823 1701 930 1761 vulnus
963 1703 1089 1762 interius
1109 1713 1141 1762 23

71 1790 138 1850 looo
167 1791 234 1868 ipso
263 1789 315 1849 sed
344 1808 360 1849 a
383 1789 456 1850 loris
480 1789 632 1867 slongeam
655 1807 724 1849 cum
747 1807 822 1868 aqua
847 1789 952 1867 frigida
975 1791 1090 1849 recenti

71 1881 220 1958 inponere
239 1877 285 1938 vel
304 1896 340 1938 ex
359 1889 443 1940 aceto
462 1879 544 1959 acri,
557 1877 609 1938 sed
629 1878 802 1956 frequenter
820 1885 945 1956 mutare,
964 1895 1001 1938 ne
1021 1895 1089 1937 con-

28 1989 57 2028 2⁰
73 1967 216 2028 calefacta
240 1974 356 2046 noceat,
379 1974 410 2026 et
431 1973 531 2027 vetare
555 1973 638 2027 artus
659 1968 833 2046 constringi,
856 1965 934 2044 quod
955 1964 1089 2044 plerique

71 2055 260 2117 medicorum
279 2055 393 2116 faciunt
411 2057 591 2136 ignorantes,
610 2056 679 2134 quia
695 2055 836 2115 incitatur
851 2056 1003 2132 sanguinis
1023 2072 1088 2115 eru-

70 2147 135 2224 ptio
155 2143 361 2205 musculorum
385 2145 616 2224 compressione,
636 2142 878 2222 *quandoquidem
901 2145 998 2204 omnis
1021 2161 1089 2204 con-

71 2235 189 2294 strictio
214 2235 246 2292 in
269 2241 427 2311 utramque
450 2241 565 2311 partem
589 2232 728 2311 exprimit
751 2249 863 2292 venam.

163 2320 291 2382 Faciunt
310 2329 340 2382 et
358 2323 522 2399 composita
539 2321 754 2381 medicamenta
774 2320 809 2380 ad
832 2321 983 2398 sanguinis
1003 2337 1089 2399 erup·
1108 2331 1143 2379 24

27 2428 56 2468 25
71 2413 195 2492 tionem,
220 2427 349 2488 quorum
371 2409 429 2470 hoo
455 2417 501 2470 est
524 2411 731 2488 praecipuum:
754 2409 877 2470 Aoaoiae
905 2411 969 2469 suci
992 2411 1088 2489 uncia,

70 2498 287 2579 hypocistidos,
311 2500 363 2577 qui
387 2507 433 2558 est
450 2517 541 2559 sucus
559 2515 645 2558 rosae
665 2497 822 2579 silvaticae,
846 2515 935 2576 quam
954 2499 1088 2558 caninam

71 2587 194 2666 quidam
218 2594 338 2667 vocant,
361 2589 462 2667 uncia,
485 2586 624 2668 balausti,
651 2588 703 2665 qui
726 2594 772 2646 est
795 2586 850 2646 ilos
872 2585 942 2646 mali
965 2589 1088 2666 granati,

72 2695 132 2756 quo
152 2677 274 2736 coriarii
293 2682 428 2756 utuntur,
446 2679 544 2754 uncia,
563 2677 613 2754 opi
631 2677 791 2736 semuncia.
822 2674 1004 2736 Balaustium
1019 2693 1087 2736 con-

71 2765 212 2826 tunditur
231 2771 262 2826 et
280 2763 430 2826 cribratur
448 2765 495 2825 vel
514 2767 625 2825 siccum
644 2766 675 2824 in
694 2765 837 2824 mortario
853 2766 969 2843 teritur,
989 2773 1088 2825 cetera

28 2872 56 2911 eo
72 2853 171 2934 pridie
199 2860 347 2914 macerata
375 2855 406 2913 in
435 2871 511 2933 aqua
539 2854 770 2914 commiscentur
798 2852 955 2930 diligenter
983 2861 1013 2913 et
1039 2872 1089 2932 pa-

72 2941 146 3002 stilli
168 2941 239 3002 inde
262 2943 430 3022 finguntur,
459 2941 579 3020 quidam
608 2943 747 3021 maiores,
771 2941 891 3020 quidam
914 2941 951 3002 ad
975 2941 1089 3004 denarii

71 3032 243 3110 semissem3
272 3030 381 3091 dantur
408 3029 532 3091 resoluti
558 3032 640 3090 iuxta
663 3037 789 3090 aetatem
812 3029 858 3090 vel
881 3031 1022 3091 virtutem
1045 3033 1088 3092 in-

71 3120 153 3179 firmi
181 3137 217 3179 ex
245 3137 339 3196 aquae
368 3119 491 3198 frigidae
519 3119 632 3198 cyathis
659 3117 756 3178 tribus
784 3126 835 3179 aut
863 3117 987 3179 duobus.
1034 3119 1088 3180 llio

70 3207 208 3289 pastillus
236 3207 312 3267 bene
341 3207 412 3269 lacit
439 3216 469 3268 et
497 3206 532 3267 ad
562 3207 758 3286 dysintericos
787 3205 875 3267 etad
899 3209 1087 3268 torminosos.

164 3343 228 3396 lal
241 3359 296 3412 pro
314 3343 398 3399 ulum.
478 3343 677 3396 asextantem.
751 3347 784 3394 12
803 3339 981 3394 valedissime
1000 3339 1087 3396 iubat.

70 3419 105 3468 22
126 3413 305 3482 quandoque.
360 3420 394 3470 27
413 3413 610 3482 malogronabi.
673 3415 707 3466 28
725 3427 781 3480 quo
801 3408 924 3480 coriarii]
945 3409 1087 3478 quoriarii.

70 3491 106 3540 28
125 3483 323 3540 balaustioum.
397 3489 432 3538 34
451 3482 636 3538 disintericos.
