2540 3802
503 104 742 169 -215-

106 265 184 326 teris
213 265 398 343 summatim,
426 264 536 324 adicies
565 269 747 327 semunciam
774 268 934 347 zingiberis
962 276 992 330 ct
1014 271 1127 349 piperis

107 354 176 414 triti
199 385 242 396 -
262 351 298 431 ll,
321 351 491 430 petrosilini
516 353 587 413 --1
613 362 643 415 et
666 356 753 417 simul
777 359 887 418 iterum
910 359 1068 438 discoques
1092 377 1126 420 ac

106 448 214 520 postea
236 439 380 500 miscebis
403 440 537 522 mulsam,
561 443 613 502 ubi
636 451 720 504 cocta
744 445 856 505 suerint
874 446 1014 525 cydonea,
1037 454 1126 526 atquc

106 532 150 590 ita
178 531 210 588 in
238 528 359 589 vasculo
387 530 475 588 vitrio
503 530 648 592 recondes
682 540 712 592 et
739 551 807 593 cum
836 552 910 612 opus
939 535 1041 608 suerit,
1071 553 1127 613 per

77 617 245 679 scocleare
269 619 389 677 ieiunus
413 619 550 698 accipies.

201 705 355 766 Stomachi
374 713 404 765 ct
423 708 527 785 capitis
549 707 675 788 dolores,
695 716 807 768 tussem
828 727 945 787 quoque
959 708 1120 788 longasque
1129 724 1181 774 127

2 805 3 844 1
107 794 314 872 aegritudines
343 801 428 854 curat
456 803 486 855 et
513 795 702 873 dysintericis
730 797 879 876 medetur,
909 796 1127 876 leptopyrexias

2 919 3 924 κ
108 890 204 962 sanat,
223 881 320 942 dolori
339 885 429 942 etiam
448 882 578 943 faucium
597 892 627 944 et
642 884 808 964 synanchae
823 887 974 945 succurrit
991 885 1048 946 tale
1065 903 1126 946 me·

107 972 261 1032 dicamen:
288 969 405 1049 Pipcris
429 971 487 1030 albi
514 1004 550 1014 -
574 972 587 1031 l
607 973 641 1050 S,
665 973 761 1033 mellis
784 975 874 1034 Attici
900 1006 938 1016 ·—
960 973 973 1032 Ι
992 973 1025 1054 S,
1049 975 1127 1034 asari

65 1081 92 1119 1o
111 1058 189 1139 -1,
208 1061 385 1140 vettonicae,
404 1059 575 1141 saxifragae,
594 1063 690 1121 casiae
709 1061 824 1122 fistulae
843 1061 960 1140 pondus
980 1069 1013 1122 ut
1027 1079 1126 1140 supra.

106 1147 189 1208 llaec
214 1149 314 1207 omnia
337 1149 407 1207 trita
431 1166 498 1208 cum
523 1148 696 1228 despumato
720 1149 806 1210 melle
826 1149 965 1210 miscebis
988 1157 1018 1210 et
1041 1149 1126 1210 dahis

107 1235 291 1296 coclearium
315 1236 426 1312 grande
450 1236 570 1314 plenum
592 1255 629 1297 ex
647 1237 767 1298 condito
786 1240 920 1319 mixtum,
943 1237 1126 1298 febricitanti

106 1343 179 1384 vero
204 1342 240 1384 ex
264 1342 341 1402 aqua
365 1324 466 1384 calida.

198 1411 374 1472 Antidotum
398 1412 552 1492 multiplex
575 1415 611 1474 ad
635 1415 726 1476 multa
747 1415 879 1475 remedia
901 1417 1009 1493 recipit
1031 1414 1179 1476 haeccine

66 1521 93 1561 15
109 1499 198 1561 Croci
217 1493 257 1586 2·
273 1499 333 1574 XV,
352 1503 465 1579 piperis
484 1501 543 1562 albi
560 1535 598 1546 —
614 1503 641 1562 ll
657 1503 686 1582 S,
705 1505 812 1562 amomi
831 1505 1022 1581 semunciam,
1038 1519 1124 1579 pyre-

108 1589 171 1648 thri
195 1591 386 1667 semunciam,
411 1589 498 1649 dauci
516 1589 627 1650 Cretici
646 1591 836 1668 semunciam,
860 1589 923 1649 folii
940 1588 1124 1668 malabathri,

107 1677 336 1756 nardostachyS,
361 1679 471 1756 casiae,
497 1679 556 1756 apii
579 1680 712 1758 seminis,
735 1677 861 1757 euiorbi,
885 1685 969 1738 rutae
993 1677 1124 1755 seminis,

107 1765 291 1845 petrosilini,
320 1784 405 1826 rosae
430 1768 539 1846 siccae,
563 1769 623 1844 opii
647 1765 777 1844 singulas
801 1767 981 1844 semunciae,
1005 1762 1124 1841 opobal-

108 1857 184 1916 sami
214 1847 254 1940 ῼι
279 1853 329 1934 Vl,
357 1853 453 1914 mellis
480 1854 551 1916 boni
579 1854 610 1916 P.
634 1854 673 1934 ll,
702 1855 830 1914 cinnami
859 1854 1049 1914 semunciam.
1093 1851 1125 1911 Si

65 1965 93 2005 ao
108 1962 169 2003 non
188 1944 282 2004 luerit
300 1945 478 2023 cinnamum,
501 1945 600 2004 mittes
620 1945 715 2004 casiae
737 1940 853 2002 fistulae
872 1939 995 2018 duplum
1014 1958 1068 2019 pro
1088 1958 1123 1998 co

108 2040 138 2092 et
161 2031 236 2092 haec
260 2033 358 2091 omnia
382 2039 470 2091 tunsa
493 2031 633 2092 criblabis
656 2030 778 2092 cribello
802 2031 886 2091 tenui
904 2036 935 2089 et
953 2031 996 2089 sic
1015 2029 1124 2088 misces

107 2122 212 2199 opium
236 2137 305 2181 cum
329 2119 414 2180 melle
437 2127 467 2180 et
485 2122 586 2181 mittes
604 2123 636 2180 in
654 2121 830 2181 mortarium
849 2125 879 2178 et
898 2116 1124 2196 diligentissime

1 2268 2 2273 ,
106 2219 199 2290 teres,
218 2209 313 2270 donec
332 2226 426 2269 unum
445 2227 555 2287 corpus
574 2210 633 2290 liat,
657 2227 691 2268 ac
711 2210 754 2268 sic
773 2209 870 2268 omnia
890 2207 1037 2284 permixta
1056 2205 1123 2264 mit-

1 2365 2 2380 ,
107 2308 153 2360 tes
177 2299 209 2358 in
233 2296 375 2358 doliolum
399 2299 540 2377 vitreum,
569 2316 637 2358 cum
661 2315 735 2375 opus
759 2296 857 2376 luerit,
881 2313 916 2355 ex
939 2295 996 2354 hoc
1021 2292 1123 2354 culicis

1 2395 2 2458 l
65 2406 92 2448 aa
107 2387 191 2448 labae
216 2386 411 2464 Aegyptiacae
435 2386 637 2463 magnitudine
661 2403 729 2446 cum
753 2402 845 2463 aquae
867 2383 990 2462 frigidae
1009 2381 1123 2462 cyathis

1 2473 2 2526 ἶ
106 2475 206 2536 tribus
224 2476 311 2552 potui
329 2473 422 2554 dabis,
446 2475 629 2553 iocinerosis,
651 2476 702 2552 qui
725 2475 809 2533 iecur
823 2474 952 2551 graviter
971 2471 1123 2544 dolebunt,

1 2579 2 2590 ¹
107 2582 176 2625 cum
200 2565 268 2623 vino
291 2561 388 2622 mulso
412 2561 505 2643 dabis,
529 2569 562 2622 ut
585 2581 675 2641 supra
698 2563 842 2640 scriptum
866 2568 921 2642 est,
947 2559 1122 2640 epilepticis,

107 2670 183 2732 quos
203 2651 332 2712 caducos
351 2651 464 2730 dicunt,
483 2650 567 2710 dabis
588 2659 620 2711 ut
639 2669 737 2730 supra,
757 2649 923 2728 pleuriticis
942 2668 1010 2710 cum
1029 2664 1122 2727 aquae

105 2740 220 2802 mulsae
249 2739 334 2800 dabis
362 2739 475 2818 cyathis
504 2738 614 2818 tribus,
643 2738 827 2800 stomachum
856 2737 1025 2798 dolentibus
1053 2753 1121 2796 cum

64 2849 92 2888 so
106 2847 216 2909 poscae
245 2828 359 2906 cyathis
387 2827 498 2906 trihus,
526 2827 728 2906 dysintericis,
757 2829 808 2905 qui
837 2827 989 2905 persoluto
1018 2831 1121 2886 ventre

107 2926 191 2998 suut,
220 2934 289 2978 curn
313 2935 389 2994 aqua
412 2916 519 2993 frigida
543 2915 638 2996 dabis,
666 2915 827 2994 periodicis
851 2915 984 2976 febribus
1008 2915 1059 2994 qui
1083 2911 1123 2972 la-

106 3006 222 3086 borant,
242 3005 272 3065 id
292 3011 339 3064 est
358 3003 579 3064 accessionibus
599 3003 714 3065 diurnis
732 3013 761 3064 et
775 3006 939 3084 nocturnis,
958 3021 1027 3064 cum
1046 3020 1122 3081 aqua

106 3095 200 3155 calida
229 3093 327 3173 dabis;
357 3092 466 3171 quibus
495 3092 599 3154 dentes
629 3093 729 3153 dolent
753 3100 783 3154 et
809 3091 917 3171 quibus
941 3093 1061 3170 sanguis
1085 3090 1122 3151 de

106 3185 234 3261 gingivis
258 3180 372 3261 defluit,
395 3199 463 3241 cum
483 3199 572 3260 posca
595 3181 702 3259 frigida
721 3188 772 3242 aut
791 3199 860 3242 eum
878 3182 946 3240 vino
966 3179 1057 3260 dabis,
1080 3181 1122 3240 ita

198 3314 411 3372 idisintericis.
461 3314 666 3384 leptoperitias.
717 3313 888 3368 8sinanehi.
941 3317 974 3366 15
993 3312 1121 3382 pirothri.

108 3394 141 3442 16
165 3386 353 3467 malabathri]
374 3385 519 3441 alabastri.
573 3456 578 3467 Ι
612 3392 645 3440 17
669 3383 870 3466 nardostachis.
961 3389 995 3437 22
1019 3383 1121 3440 mittis.

106 3464 140 3513 27
160 3456 378 3528 epilempthicrs.
451 3464 485 3512 30
505 3456 600 3526 cyatrs.
674 3455 859 3523 disynterrcrs.
