2540 3802
528 157 564 168 -
613 122 768 187 259-

227 283 379 345 Confectio
404 285 516 345 conditi
538 285 678 364 neiritici,
702 284 781 363 quod
805 285 875 346 facit
898 286 934 346 ad
953 285 1086 347 dolorem
1104 305 1150 348 re·
1169 299 1204 352 34

138 375 233 454 nium,
262 376 288 433 si
316 372 414 452 aliquo
443 392 514 434 casu
537 375 633 433 vexati
657 373 782 454 fuerint,
812 381 842 433 et
865 374 901 434 ad
924 377 1056 436 vessicae
1079 395 1149 455 pur-

138 464 286 540 gationem
305 469 334 522 at
353 481 389 522 ex
409 481 442 522 ea
462 462 590 522 calculos
606 461 651 522 vel
667 461 803 522 sablones
819 463 979 544 eiciendos,
999 465 1056 525 sic:
1075 464 1149 526 Her·

137 549 192 610 bae
215 553 381 612 vettonicae
403 583 441 608 -.
462 550 484 632 l,
507 550 617 611 herbae
641 551 803 630 saxifragae
825 550 908 631 -1,
931 551 1051 633 herbae,
1074 572 1149 632 quae

110 656 123 697 a
137 638 302 718 appellatur
317 639 428 700 Graece
447 658 562 721 asaron,
581 641 772 720 semunciam,
791 641 913 700 seminis
930 640 1017 701 dauci
1031 659 1149 702 semun-

137 731 227 808 ciam,
255 729 376 788 seminis
403 727 576 807 petroselini
599 727 781 788 Macedonici
805 731 937 804 unciam,
961 731 1042 789 croci
1068 762 1105 772 —
1127 729 1149 809 l,

138 818 236 895 spicae
259 817 408 890 nardi—
426 815 447 897 l,
471 815 699 897 piperis«-·ll,
722 819 783 877 vini
807 817 925 878 candidi
948 820 1052 896 optimi
1071 825 1149 878 vete-

136 906 183 974 ris
203 907 347 966 sextarios
371 924 432 987 sex,
455 905 551 965 mellis
574 905 740 983 despumati
764 906 868 984 optimi
887 903 918 965 θ
938 905 963 987 Ι;
988 907 1067 986 quod
1092 906 1148 966 hoc

135 993 223 1054 modo
247 993 486 1074 despumabitnr,
510 1001 543 1054 ut
565 995 700 1054 mittatur
722 996 754 1054 in
777 993 865 1054 ollam
888 1002 918 1054 et
940 997 1066 1074 accipiat
1089 997 1149 1055 vini

10 1149 11 1164 ἰ
96 1101 121 1139 10
135 1100 241 1161 parum
265 1083 302 1143 de
326 1100 417 1161 supra
441 1083 552 1161 scripta
574 1100 715 1142 mensura
738 1089 858 1143 etcum
881 1086 1014 1162 coeperit
1031 1083 1149 1164 bullire,

10 1165 11 1184 l
136 1189 241 1250 spuma
256 1173 352 1232 omnis
367 1170 488 1232 cocliari
500 1170 641 1250 paulatim
655 1170 783 1232 tollatur.
807 1171 924 1233 Herbae
936 1179 1034 1233 autem
1045 1191 1148 1234 omnes

135 1262 166 1320 in
185 1259 244 1338 pila
263 1260 441 1340 tunduntur,
460 1259 597 1320 similiter
611 1267 641 1320 et
655 1278 786 1340 crocum,
805 1260 857 1320 sed
876 1263 1035 1340 separatim
1050 1263 1149 1322 omnia

135 1357 165 1409 et
189 1347 311 1408 cribello
335 1350 509 1408 tenuissimo
534 1356 699 1408 cernuntur
722 1367 840 1409 necnon
863 1357 893 1409 et
916 1351 1003 1428 piper
1025 1352 1147 1432 teritur3

137 1455 211 1515 quae
235 1439 333 1497 omnia
357 1444 439 1498 creta
463 1436 550 1496 simul
574 1439 803 1498 inmortalium
831 1439 992 1498 mittuntur
1020 1446 1050 1498 et
1076 1457 1147 1518 pau-

96 1542 121 1582 15
135 1524 225 1612 latim,
236 1527 304 1585 vino
323 1525 437 1586 adiecto
457 1524 616 1604 diligenter
633 1532 781 1586 teruntur.
813 1524 894 1595 Quae
914 1545 982 1587 cum
1001 1529 1071 1586 trita
1085 1527 1148 1586 ioe-

135 1615 208 1694 rint,
234 1613 379 1675 adicietur
403 1613 515 1674 etmel
538 1615 692 1673 etvinum
716 1620 811 1673 totum
835 1631 924 1692 supra
949 1615 1094 1692 scriptum
1118 1623 1148 1675 et

135 1703 292 1782 diligenter
310 1701 550 1782 permiscebitur,
573 1709 676 1780 postea
695 1701 840 1762 condetur
859 1704 890 1762 in
909 1703 1027 1763 vasculo
1047 1721 1147 1764 caroe-

133 1793 231 1872 nario;
255 1809 324 1852 cum
347 1798 446 1852 autem
468 1790 559 1850 fuerit
577 1791 780 1850 necessarium
798 1791 973 1870 remedium,
995 1793 1147 1870 potionem

133 1882 165 1940 in
188 1881 307 1959 pisinno
331 1879 422 1941 calice
446 1878 528 1940 calda
551 1879 672 1939 mixtam
693 1880 794 1938 ieiuno
813 1879 896 1939 dabis
915 1878 1082 1959 bibendam,
1106 1883 1147 1942 ita

94 1984 119 2024 ao
133 1977 168 2029 ut
191 1975 312 2048 accepta
335 1970 455 2048 potione
478 1973 621 2028 vectetur.

222 2057 267 2118 Ad
286 2056 432 2118 calculum
452 2055 617 2117 remedium
636 2055 740 2116 efficax
759 2057 815 2117 sic:
837 2055 943 2118 Nuclei
961 2057 1042 2136 pinei
1056 2075 1146 2136 grana
1165 2068 1199 2118 35

133 2154 258 2226 purgata
281 2137 377 2224 XXX,
404 2145 547 2224 palmulas
570 2152 710 2224 purgatas
733 2144 846 2205 infusas
870 2143 934 2227 XV,
961 2146 1147 2225 tragacanthi

135 2229 174 2322 y·
194 2235 273 2317 XVI,
300 2234 370 2295 mali
395 2237 511 2314 granati
534 2233 629 2294 dulcis
653 2251 757 2294 sucum
782 2226 917 2319 bviii,
946 2236 1027 2294 croci
1051 2227 1145 2322 2111,

133 2342 250 2405 myrrae
261 2317 301 2410 ᾖ
311 2323 346 2384 ll.
366 2322 445 2384 llaec
455 2325 594 2383 universa
608 2329 733 2382 contusa
747 2329 778 2382 et
792 2321 887 2382 soluta
897 2325 928 2382 in
939 2341 971 2384 se
981 2325 1146 2384 miscentur

88 2426 119 2468 aa
134 2421 163 2474 et
183 2431 219 2474 ex
237 2413 285 2473 his
304 2413 356 2492 qui
374 2411 487 2472 calculo
506 2411 620 2471 laborat
641 2429 726 2470 mane
746 2412 865 2472 ieiunus
885 2414 1011 2491 accipiet
1030 2412 1146 2473 coclear

134 2501 236 2582 unum,
258 2503 299 2562 ita
322 2508 356 2561 ut
378 2519 439 2562 non
457 2499 617 2560 manducet
633 2495 730 2578 u‘sque
748 2499 837 2560 horas
856 2501 974 2579 prandii
996 2502 1144 2562 tardioris.

222 2590 267 2650 Ad
281 2589 484 2651 raniculorum
499 2587 631 2650 dolorem
641 2588 806 2650 remedium
815 2588 1006 2651 utilissimum
1017 2592 1074 2652 sic:
1089 2589 1143 2650 Cu-
1164 2601 1197 2650 36

133 2681 264 2740 cumeris
283 2681 347 2740 veri
366 2697 468 2739 semen
487 2680 518 2738 in
532 2684 609 2738 testa
622 2695 716 2756 pones
731 2695 822 2757 super
836 2677 981 2740 carbones
995 2681 1086 2760 vivos,
1104 2681 1145 2739 ita

10 2831 11 2844 ,
132 2776 167 2829 ιιι
186 2775 350 2847 temperate
370 2774 513 2828 eximatur
531 2784 629 2845 neque
647 2768 736 2826 nimis
754 2785 852 2846 neque
871 2785 985 2848 parum,
1005 2775 1035 2828 et
1054 2783 1144 2828 exeo

10 2925 11 2944 ,
91 2871 117 2910 co
134 2850 173 2943 y·
189 2854 244 2916 ΧΠ
263 2863 294 2917 et
312 2854 422 2916 malvae
442 2857 565 2916 seminis
580 2847 620 2940 9·
635 2853 699 2914 XVI
718 2861 748 2914 et
762 2855 929 2935 amygdalae
944 2874 1060 2917 amarae
1074 2873 1143 2935 pur·

10 2951 11 2960 ’
132 2952 216 3024 gatae
245 2937 436 3031 anXXVI.
477 2943 556 3004 llaec
586 2945 744 3023 separatim
771 2952 859 3005 tunsa
887 2963 955 3006 cum
978 2947 1010 3005 in
1032 2947 1143 3006 tenuis·

132 3036 240 3096 simum
263 3033 416 3114 pulverem
439 3033 559 3093 redacta
581 3031 706 3106 fuerint,
735 3033 823 3093 simul
848 3035 972 3094 misceto
996 3041 1025 3094 et
1049 3052 1084 3092 ex
1108 3051 1143 3092 eo

132 3141 201 3184 cum
228 3122 400 3202 hepsemae,
428 3122 459 3181 id
487 3129 532 3182 est
560 3138 661 3202 sapae,
689 3121 794 3200 cyatho
823 3121 956 3182 cocleare
983 3139 1076 3182 unum
1106 3121 1143 3180 de

130 3230 218 3272 mane
241 3214 341 3273 ieiuno
365 3209 448 3271 dabis
471 3208 641 3269 bibendum.

221 3353 239 3401 4
259 3345 423 3415 saxifragae.
496 3347 512 3396 5
531 3358 621 3396 saron.
696 3347 711 3394 7
731 3341 845 3398 conditi.
925 3347 958 3396 17
978 3342 1142 3398 carbonario

130 3420 244 3488 scripsi.-
263 3415 409 3472 carinario.
486 3420 520 3468 22
539 3411 688 3469 tracanthi.
766 3418 800 3468 26
818 3428 905 3482 usque
925 3413 962 3468 ad
981 3413 1134 3472 Carnarius

131 3495 166 3546 30
184 3488 351 3560 amigdalae.
434 3492 467 3542 33
487 3483 649 3556 hepsemae]
669 3482 795 3553 ipsimae.

929 3573 982 3628 1⁷*
