2540 3802
463 145 703 208 —235-

76 325 113 366 ea
138 304 280 382 malagma
304 304 414 364 lactum
439 305 541 385 luerit,
569 305 688 366 rubrica
712 306 862 367 coloratur
886 316 916 368 et
939 309 1093 388 inponitur

76 403 169 472 atque
197 392 294 452 tribus
322 392 405 452 horis
432 392 572 474 habetur,
600 403 667 473 post
696 395 752 456 hoc
776 397 807 454 in
830 395 980 458 balineum
1003 396 1091 459 bomo

75 483 200 544 ducitur
223 489 253 542 et
276 480 350 542 solio
374 481 425 541 diu
448 481 573 542 fovetur.

167 571 253 630 Aeris
271 569 376 630 liorem
395 571 498 630 tritum
517 570 593 631 bene
613 590 681 632 cum
700 573 797 650 sinapi
817 580 868 632 arat
887 575 976 634 etiam
995 574 1090 636 solum
1111 585 1143 634 17

48 662 180 720 amittes
203 661 234 719 in
258 655 376 720 acetum
400 659 547 738 simulque
570 662 601 720 in
624 659 779 721 bucculari
801 661 951 740 decoquas
974 665 1028 744 ita,
1058 675 1091 725 ut

76 748 261 826 aliquamdiu
292 747 353 807 illie
385 746 511 808 bullient
544 757 573 808 et
605 749 642 809 ad
674 749 898 809 similitudinem
929 749 1090 829 pulticulae

8 899 9 912 q
77 839 261 917 spissentur3
289 842 392 914 postea
419 837 450 895 in
477 838 629 896 vaccinam
652 839 795 898 vessicam
821 837 914 898 calida
938 857 972 899 ea
995 848 1090 900 trans-

8 917 10 966 ῗ
76 925 157 986 feres
179 927 229 1006 ita,
253 933 287 984 ut
311 923 427 984 duobus
451 924 551 1002 digitis
574 925 684 1004 liquori
702 925 772 986 huic
793 929 906 987 vessica
924 929 1018 988 maior
1037 931 1090 1009 sit3
1187 979 1191 985 .
1260 955 1261 958 ¹

8 967 10 1080 1
75 1023 141 1074 tum
161 1012 257 1092 spleni
277 1015 348 1072 satis
368 1012 495 1073 calidum
514 1013 697 1074 medicamen
714 1013 852 1094 adpones
871 1015 976 1094 ligabis
991 1017 1089 1098 fascia,

34 1121 61 1160 10
76 1105 165 1163 tertia
190 1102 237 1161 die
261 1101 364 1180 solves,
388 1101 517 1161 mirabili
540 1101 735 1180 gratulaberis
759 1103 899 1164 remedio.

167 1190 287 1250 Guttam
305 1191 480 1250 ammoniaci
497 1193 528 1250 in
540 1199 659 1251 acetum
675 1191 844 1252 scilliticum
858 1193 1006 1274 infundes,
1021 1201 1089 1272 post
1109 1201 1142 1250 18

75 1279 200 1340 biduum
229 1280 270 1338 ita
298 1285 391 1358 teres,
419 1287 453 1338 ut
479 1280 511 1338 in
537 1298 635 1358 panno
663 1283 758 1358 possit
784 1281 900 1361 induci,
929 1300 987 1360 quo
1011 1283 1088 1342 lacto

76 1367 173 1447 spleni
192 1367 321 1446 adpones
343 1375 373 1426 et
392 1367 487 1427 lascca
506 1367 663 1446 diligenter
682 1368 786 1447 ligabis
801 1377 831 1429 et
845 1372 939 1430 uteris
954 1377 1014 1430 tam
1029 1370 1089 1452 diu,

8 1465 9 1520 l
76 1457 173 1517 donec
195 1473 249 1533 per
272 1473 304 1515 se
328 1463 518 1516 consumatur
542 1459 659 1532 etsinc
683 1456 788 1518 balneo
812 1456 1025 1535 abstergentur.

33 1563 62 1604 15
167 1543 209 1603 Ad
229 1543 340 1622 splenis
359 1543 491 1604 dolorem
509 1546 748 1621 expertissimum
762 1546 928 1605 remedium
942 1549 999 1606 sic:
1019 1545 1086 1606 Car·
1109 1554 1141 1602 19

75 1633 215 1712 damomi,
232 1631 376 1713 pyrethri,
395 1633 515 1712 sinapis,
534 1633 611 1692 turis
627 1632 760 1711 masculi,
775 1633 941 1710 aphronitri
956 1633 1090 1712 aequalia

75 1721 208 1800 pondera
227 1720 263 1780 de
283 1719 408 1798 singulis
427 1719 585 1798 speciebus
604 1722 770 1781 contundes
790 1731 819 1780 et
833 1739 944 1800 coques
959 1723 989 1780 in
1005 1729 1088 1780 aceto

8 1873 9 1880 χ
76 1810 212 1870 scillitico
227 1812 302 1869 etin
317 1827 410 1869 unum
424 1807 564 1868 miscebis
582 1808 750 1890 locumque,
769 1812 818 1869 cui
836 1809 1019 1869 medicamen
1039 1810 1087 1869 ad-

8 1885 9 1972 ]
75 1916 178 1978 pones,
193 1898 379 1977 frequentius
395 1895 563 1975 detergebis
578 1905 608 1958 ct
617 1897 785 1975 adpositum
795 1915 881 1957 mane
891 1897 1087 1958 medicamen-

8 2005 9 2054 l
33 2007 60 2046 eo
75 1997 139 2048 tum
154 1989 185 2046 in
199 1987 303 2046 horam
318 1987 474 2064 septimam
489 2003 555 2046 esse
570 1987 705 2066 patieris3
720 1993 823 2064 postea
838 2004 915 2065 eum,
930 1988 980 2046 cui
990 1986 1088 2046 mede-

75 2075 156 2149 bere,
166 2074 203 2136 ad
213 2074 344 2149 balineas
354 2076 398 2134 ire
408 2076 670 2153 praecipiesatque
681 2077 712 2134 in
722 2073 816 2134 calida
825 2073 978 2135 diuloveri
988 2074 1087 2134 facies.
1188 2093 1193 2100 ’

164 2163 209 2224 Ad
229 2163 361 2242 splenem
380 2163 546 2223 remedium
563 2165 673 2223 mirum
692 2165 748 2223 sic:
772 2163 851 2223 Picis
870 2163 962 2224 durae
977 2164 1087 2243 optime
1107 2171 1141 2218 2ο

76 2255 164 2313 tritae
191 2285 227 2294 —
249 2251 262 2311 l
285 2259 315 2310 et
338 2253 414 2311 costi
436 2253 500 2312 triti
527 2283 563 2293 —-
585 2250 612 2311 ll
639 2251 834 2330 permiscebis
857 2259 887 2312 et
910 2270 946 2312 ex
970 2270 1005 2312 ec
1029 2253 1087 2311 sin-

75 2340 160 2420 gulas
187 2342 325 2418 potiones
353 2357 389 2399 ex
418 2342 484 2399 vino
513 2349 612 2400 vetere
640 2359 726 2401 mane
753 2343 854 2401 ieiuno
877 2359 931 2419 per
954 2340 1088 2400 triduum

33 2449 60 2490 aa
76 2429 169 2509 dabis,
192 2430 234 2488 ita
257 2435 290 2488 ut
313 2429 344 2486 in
368 2429 489 2488 sinistro
512 2428 604 2488 latere
628 2431 680 2508 qui
702 2431 810 2508 accipit
833 2428 885 2489 diu
908 2431 1010 2490 iaceat.

165 2517 210 2576 Ad
234 2515 346 2595 splenis
369 2516 501 2576 dolorem
525 2517 689 2578 remedium
713 2519 817 2579 ellicax
841 2520 897 2578 sie:
921 2516 1025 2598 Gallus,
1049 2518 1085 2578 de
1107 2526 1141 2574 21

77 2606 187 2685 quibus
215 2612 389 2665 encaustum
417 2606 463 2686 fit,
493 2613 618 2684 quantas
645 2606 773 2668 volueris
800 2624 878 2685 pone
906 2624 997 2686 super
1025 2625 1089 2667 car·

76 2695 170 2756 bones
194 2696 275 2753 vivos
299 2700 329 2752 et
352 2711 460 2754 exures
483 2712 542 2754 non
565 2696 666 2776 nimie,
689 2698 730 2756 ita
753 2705 786 2756 ut
805 2695 956 2775 pulverem
976 2695 1013 2756 de
1032 2694 1088 2776 bis,

76 2787 107 2844 in
132 2801 191 2862 quo
215 2783 253 2842 sit
277 2781 384 2860 aliquis
408 2800 495 2861 sapor
518 2782 674 2864 gallenum,
702 2785 801 2845 lacere
824 2786 935 2864 possis3
964 2783 1000 2844 de
1029 2802 1088 2862 quo

33 2893 61 2933 eo
77 2871 199 2951 pulvere
228 2871 338 2949 optime
363 2873 434 2931 trito
459 2871 592 2931 cocleare
615 2872 736 2950 plenum
759 2875 859 2934 mittes
882 2875 913 2932 in
936 2873 1089 2950 potionem

76 2963 137 3021 vini
160 2959 354 3020 vetustissimi
377 2966 407 3020 et
429 2967 557 3036 potetur.

166 3047 254 3108 Ebuli
273 3049 391 3108 contusi
411 3065 514 3106 sucum
535 3047 679 3108 coclearia
699 3051 755 3108 tria
774 3067 809 3109 ex
824 3049 886 3108 vini
900 3051 1009 3108 veteris
1024 3067 1088 3127 cya-
1108 3056 1141 3102 22

76 3138 137 3198 this
156 3136 253 3196 tribus
272 3154 327 3214 per
346 3136 478 3196 triduum
497 3135 533 3195 da
548 3135 661 3196 lienoso
676 3135 846 3211 bibendum,
865 3138 906 3196 ita
921 3144 955 3196 ut
969 3135 1089 3196 ebulum

8 3263 9 3284 ;
78 3244 197 3304 semper
216 3242 319 3284 secum
337 3224 511 3302 habeatqui
525 3225 689 3285 remedium
705 3227 812 3302 accipit
826 3243 881 3283 ncc
896 3231 976 3283 terra
990 3226 1089 3300 ipsum

34 3313 198 3376 ecebolum
223 3314 372 3373 ferrumve
395 3319 503 3391 tangat.

169 3499 324 3568 laicanae,
343 3500 425 3554 sich.
446 3501 463 3554 l.
485 3496 643 3554 domarius.
672 3545 678 3553 ,
