2564 3794
21 79 22 154 l
494 123 737 187 -rco-

107 303 202 345 nuces
221 286 323 363 pineas
343 285 492 344 resinosas
511 283 544 365 V,
563 301 656 362 aquae
675 281 706 343 ὁ*
724 283 769 364 Vl,
788 284 883 345 mellis
902 285 933 345 P.
953 284 984 346 V.
1017 285 1122 348 Omnia

20 379 21 382 ’
107 373 182 434 haec
205 375 236 433 in
260 390 367 452 aquam
390 372 514 434 nitidam
532 371 680 454 infundes,
703 373 744 432 ita
763 382 797 432 ut
815 372 850 432 ad
871 375 973 434 tertias
993 393 1121 454 coquan-

19 510 20 526 t
107 470 172 541 tur,
203 461 259 522 hoc
289 469 335 520 est
366 469 400 522 ut
433 459 521 522 simul
553 462 691 521 universa
723 460 759 521 ad
792 463 961 522 trisextinm
994 465 1122 544 veniant,

106 559 210 628 postea
235 549 309 610 adde
334 551 592 629 suprascriptum
619 547 715 608 mellis
742 549 873 630 pondus,
902 558 936 610 ut
964 551 999 610 ad
1027 551 1123 612 mellis

19 639 20 644 ’
80 640 227 704 eveniant
245 637 436 719 densitatem;
456 637 565 716 quibus
584 635 688 698 colatis
707 644 737 698 et
755 640 786 698 in
805 641 881 698 vitro
897 639 1024 699 conditis
1039 649 1123 700 terna

107 744 194 786 mane
217 725 368 805 cocliaria,
392 734 476 787 terna
500 744 637 805 vespere,
666 727 718 804 qui
741 743 831 806 supra
854 726 932 788 dicta
955 727 1122 788 valetudine

108 813 263 894 laborabit,
286 815 422 892 accipiet

198 901 363 980 Descriptio
383 901 542 980 ecligmatii
560 901 596 962 ad
613 901 785 980 pulmonem
804 902 982 963 curandum:
1001 901 1117 963 Herbae
1125 917 1176 967 104

107 990 328 1069 gladiatorioiae
356 1009 460 1070 sucus,
487 989 542 1050 lilii
569 989 694 1050 silvatici
722 1007 826 1070 sucus,
859 989 1004 1051 marrubii
1032 1009 1122 1052 sucus

67 1105 94 1144 10
109 1081 213 1158 aequis
236 1080 387 1139 mensuris
405 1077 571 1159 parabitnr;
595 1077 703 1140 deinde
722 1086 867 1158 quantum
885 1078 922 1139 de
940 1078 1038 1140 tribus
1057 1097 1121 1159 spe·

108 1167 213 1229 clebus
236 1168 328 1228 luerit
351 1169 429 1248 suci,
456 1174 572 1228 tantum
599 1166 695 1228 mellis
718 1169 867 1248 mittetur,
895 1169 935 1229 ita
962 1176 997 1228 ut
1019 1176 1121 1246 postea

108 1258 139 1316 in
156 1258 285 1316 sextario
299 1255 389 1317 huius
406 1257 613 1335 permixtionis
631 1257 689 1316 tria
705 1255 843 1317 cocliaria
862 1255 920 1316 olei
933 1256 1036 1316 viridis
1055 1258 1121 1317 mit·

17 1351 18 1374 ¹
109 1352 225 1424 tantur;
246 1344 326 1423 quod
344 1344 470 1405 tamdiu
488 1351 592 1424 postea
610 1353 765 1425 coquetur,
784 1344 925 1423 quamdiu
939 1344 1123 1406 medicamen

110 1433 148 1493 ad
171 1450 343 1494 mensuram
365 1432 460 1493 mellis
483 1435 594 1514 veniat3
617 1452 653 1494 ex
676 1432 733 1494 hoc
756 1435 875 1494 ieiunus
894 1435 1020 1514 accipiat
1038 1442 1123 1494 terna

68 1545 94 1585 15
110 1520 249 1582 cocliaria
272 1528 389 1599 etpost
408 1539 511 1582 cenam
531 1529 624 1601 terna,
644 1523 696 1600 qui
713 1520 863 1600 pulmonis
879 1523 950 1582 vitio
969 1521 1122 1582 laborabit.

200 1609 353 1670 Confectio
377 1611 527 1670 unctionis
550 1609 587 1670 ad
610 1611 705 1688 ipsam
727 1609 877 1688 pulmonis
896 1625 1027 1670 causam:
1054 1609 1175 1672 olemus

109 1697 207 1758 mollis
227 1695 258 1757 e
277 1697 299 1776 l,
323 1700 433 1777 cymini
455 1699 640 1776 quartarium
663 1695 744 1758 lento
767 1699 829 1774 igni
853 1707 913 1757 tam
932 1697 983 1756 diu
1002 1715 1122 1776 coques,

109 1785 252 1864 quamdiu
280 1788 429 1866 cyminum
461 1793 676 1865 percoquatur3
710 1784 786 1864 quod
815 1793 917 1863 postea
950 1784 1061 1845 colabis
1093 1795 1123 1846 et

109 1874 201 1934 addes
230 1873 289 1934 olei
316 1873 540 1935 chamaemelini
566 1873 729 1952 heminam,
759 1872 816 1933 olei
844 1872 977 1933 anethini
1006 1881 1122 1952 quarta·

69 1985 96 2025 ao
109 1964 203 2042 rium,
233 1962 290 2022 olei
318 1965 399 2022 rosei
425 1963 623 2041 quartarium,
651 1961 709 2022 olei
736 1964 850 2022 rutacei
877 1961 1039 2041 heminam,
1061 1981 1122 2022 rne-

15 2125 16 2132 ἵ
110 2049 208 2112 dullae
232 2045 369 2111 cervinae
390 2053 520 2110 recentis
541 2082 577 2092 -
595 2049 644 2130 lll,
662 2049 756 2128 adipis
775 2052 928 2110 anserinae
948 2057 1036 2127 atque
1055 2068 1122 2127 por·

15 2145 16 2168 ³
110 2141 194 2200 cinae
214 2141 345 2200 recentis
362 2171 400 2182 -
416 2137 463 2219 Vl,
481 2139 582 2217 butyri
600 2140 730 2199 recentis
750 2140 814 2198 sine
833 2137 893 2198 sale
911 2169 956 2180 -
972 2136 1018 2217 Vl,
1037 2156 1123 2198 cerae

109 2227 241 2288 Punicae
262 2260 300 2270 -
318 2226 367 2288 Ill.
399 2226 478 2287 llaec
497 2228 595 2286 omnia
618 2227 654 2287 ad
678 2244 816 2305 vaporem
840 2226 936 2287 soluta
958 2228 1123 2286 miscentur

110 2325 141 2376 et
161 2315 283 2394 ,quando
308 2333 396 2394 aeger
419 2317 513 2392 ungui
534 2313 636 2394 habet,
663 2314 749 2374 tolles
777 2333 813 2376 ex
839 2333 874 2375 eo
900 2317 1003 2375 uncias
1026 2313 1063 2375 Vl
1086 2315 1121 2376 ad

71 2428 96 2468 25
111 2403 282 2465 triduanam
305 2405 477 2464 unctionem
505 2410 535 2462 et
561 2403 652 2464 addes
675 2403 734 2463 illic
759 2405 824 2464 suci
847 2403 883 2463 de
907 2403 992 2463 faeno
1016 2421 1123 2482 graeco

110 2525 153 2536 -
173 2491 214 2571 ll,
242 2491 420 2569 lebrilugiae
444 2490 543 2570 -ll,
571 2491 655 2552 lactis
678 2491 799 2552 humani
822 2493 1019 2571 quartarium,
1044 2492 1122 2571 quod

110 2581 155 2642 lac
180 2579 236 2640 sub
256 2579 339 2658 hora,
362 2596 420 2656 qua
438 2595 526 2656 aeger
544 2579 722 2657 unguendus
741 2587 795 2660 est,
819 2582 954 2640 mittatur
973 2598 1028 2641 nec
1048 2580 1123 2640 cale·

110 2669 162 2730 liat
191 2685 259 2729 cum
289 2668 397 2728 ceteris
426 2665 597 2746 speciebus,
625 2675 655 2727 et
682 2669 783 2728 iacens
810 2670 841 2727 in
868 2667 945 2728 lecto
972 2676 1123 2746 unguatur

109 2756 191 2818 lenta
215 2756 287 2816 satis
310 2772 413 2834 manu3
436 2754 488 2814 sed
508 2762 575 2814 ante
594 2755 700 2829 lucem,
719 2763 875 2834 postquam
895 2764 1005 2816 unctus
1024 2757 1123 2835 luerit,

68 2869 96 2909 eo
110 2846 213 2906 statim
227 2843 272 2904 lac
287 2844 441 2904 vaccinum
455 2841 538 2902 bibet
552 2843 654 2902 eadem
668 2843 742 2904 hora
760 2843 898 2924 mulsum,
918 2862 977 2904 non
996 2851 1123 2924 coctum,

109 2933 182 2993 dum
206 2930 292 2992 calet.

15 3117 16 3120 ,
181 3065 299 3120 locabo
317 3063 426 3131 pondus
444 3065 477 3117 ut
495 3063 531 3116 ad
549 3061 643 3117 mellis
661 3079 711 3118 om.
788 3064 910 3119 evenit.
988 3064 1123 3119 evolita-

109 3136 184 3192 dine.
241 3131 423 3202 Seligmatii.
478 3139 513 3188 20
531 3133 638 3187 rutacei
656 3135 769 3202 scripsi:
787 3133 907 3187 ranaoei.
962 3139 997 3187 24
1015 3134 1122 3204 ungari.

108 3207 209 3278 hebet]
238 3205 323 3259 debet
351 3204 509 3258 Carnarius.
622 3207 656 3256 2⁷
686 3204 797 3257 calefiat
822 3205 935 3272 scripsi:
967 3204 1122 3260 calefaciat.

108 3285 142 3332 29
161 3275 325 3346 postquam]
344 3275 416 3342 post.
