2528 3814
502 139 935 222 -aoa-‚·

113 316 188 378 quae
212 297 324 358 Graece
348 297 538 378 sisymbrium
558 301 676 381 dicitur,
700 303 787 362 tritae
807 320 898 363 sucus
917 320 1079 382 expressus
1099 313 1132 365 et

113 405 185 448 sano
209 405 245 447 66
268 389 349 468 vino,
377 386 560 449 febricitanti
582 408 618 448 66
642 407 718 469 6666
740 393 825 469 potui
848 390 934 451 datus
957 393 1067 452 mirum
1092 394 1132 453 ad

59 487 93 536 62
112 478 244 536 vessicae
268 475 386 536 dolores
409 477 575 538 remedium
598 485 652 538 est.
689 477 865 540 Feniculum
888 498 958 540 cum
976 480 1131 542 radicibus

113 567 175 626 suis
199 565 356 626 decoctum
379 573 410 626 et
431 567 517 644 potui
540 574 693 645 sumptum
714 567 876 628 efficaciter
894 570 1025 629 vessicae
1047 570 1130 631 dolo-

112 653 196 716 ribus
219 654 351 733 prodest.
1143 678 1157 719 s

60 753 93 802 63
202 742 407 824 Glycyrrbizac
422 744 682 805 commanducatae
698 763 788 806 sucus
803 744 962 806 devoratus
972 745 1018 806 vel
1031 753 1131 808 trans-

60 841 94 890 64
113 833 223 893 missus
237 835 354 893 urinam
371 832 532 894 efficaciter
545 841 694 912 provocat.
723 833 880 894 Trifolium
894 835 1045 900 minutum
1060 855 1132 897 cum

113 923 216 1001 pipere
247 930 277 982 et
304 922 403 1001 puleio
433 929 577 1001 quantum
605 925 677 982 satis
704 921 854 983 videbitur
877 923 983 984 tritum
1006 930 1130 986 etcum

58 1019 92 1069 66
113 1012 179 1071 vino
198 1013 283 1090 potui
301 1011 402 1072 datum
421 1013 565 1071 vessicam
584 1029 732 1090 renesque
751 1010 898 1090 purgabit.
928 1010 1045 1073 Herbae
1064 1032 1130 1074 ver-

112 1098 205 1160 benae
234 1102 380 1160 contritae
409 1117 500 1160 sucus
524 1117 683 1179 expressus
707 1099 830 1161 adiectis
854 1101 915 1160 vini
938 1101 1052 1180 cyathis
1075 1104 1129 1162 tri·
1144 1121 1171 1160 66

112 1186 168 1248 bus
196 1190 281 1266 potui
306 1188 393 1248 datus
416 1186 630 1249 admirabiliter
654 1191 796 1249 continno
819 1190 924 1249 urinae
948 1189 1128 1252 difficultati·

60 1286 93 1334 66
113 1274 169 1336 bus
188 1274 331 1354 proderit.
364 1275 472 1358 Herba,
492 1294 567 1354 6666
586 1295 708 1356 gramen
727 1277 838 1338 dicitur
851 1277 999 1338 nodorum
1014 1277 1129 1360 xxvu,

112 1381 148 1424 66
176 1365 245 1424 vino
278 1363 314 1424 ad
333 1364 454 1436 ,medias
482 1363 604 1426 decocta
632 1373 663 1426 et
686 1384 825 1446 expressa
848 1374 936 1444 atque
960 1367 1056 1429 colata
1077 1387 1129 1446 po-

112 1453 216 1530 tuique
240 1455 444 1532 strangurioso
472 1471 509 1514 66
532 1455 594 1514 vini
620 1453 725 1534 cyatho
753 1473 813 1515 uno
843 1456 935 1514 mixta
961 1455 1027 1517 data
1055 1457 1128 1517 adeo

111 1549 250 1620 potenter
282 1545 445 1625 succurrit,
473 1550 508 1603 nt
535 1542 587 1603 ubi
615 1545 679 1603 sine
707 1550 856 1603 tormento
884 1546 1001 1604 urinam
1029 1545 1172 1606 facerem

112 1633 258 1711 coeperit,
286 1631 352 1692 dari
373 1650 434 1692 non
457 1639 603 1713 oporteat,
626 1632 679 1692 sed
703 1631 884 1693 febricitanti
907 1651 943 1692 66
966 1651 1043 1712 aqua
1066 1633 1129 1695 sola

113 1718 239 1782 dabitur.

60 1817 92 1866 66
202 1808 235 1869 Si
259 1810 326 1888 quis
349 1810 420 1869 vitio
444 1811 575 1870 vessicae
599 1817 650 1870 aut
669 1810 830 1887 strangurii
854 1807 991 1869 laborans
1015 1808 1128 1888 lignum

113 1899 288 1958 tamaricum
316 1897 423 1958 ardens
454 1897 525 1959 lotio
549 1917 603 1958 666
623 1899 796 1978 extinxerit,
824 1897 941 1958 desinet
963 1897 1041 1959 ultra
1061 1918 1129 1960 cru-

60 1994 93 2043 68
114 1988 194 2047 clari.
227 1987 369 2066 Cupressi
391 1986 460 2047 folia
483 1995 586 2048 tenera
606 2005 642 2046 66
661 2004 754 2066 66666
774 1988 911 2046 sextariis
930 1993 1072 2065 quattuor
1091 1989 1128 2049 ad
1143 2004 1172 2044 so

113 2078 275 2137 sextarium
296 2075 419 2136 decocta
438 2083 468 2136 et
487 2093 628 2156 expressa
647 2083 735 2153 atque
755 2073 849 2136 colata
868 2093 937 2136 cum
955 2077 1023 2136 vino
1043 2079 1129 2156 potui

113 2164 180 2226 data
203 2166 372 2243 stranguria
396 2164 535 2224 celeriter
559 2164 725 2224 emendant¹

59 2263 93 2313 69
202 2253 336 2314 Hederae
359 2254 461 2331 nigrae
484 2251 572 2313 bacas
595 2250 619 2310 V
642 2260 694 2314 666
716 2251 754 2312 Vl
779 2260 830 2313 aut
857 2252 1010 2334 undecim,
1037 2262 1130 2332 prout

114 2348 194 2402 aetas
223 2344 305 2420 aegri
331 2344 470 2420 viresque
497 2342 663 2422 patientur,
692 2342 834 2402 contritas
863 2359 900 2401 66
927 2359 1004 2421 6666
1033 2341 1129 2404 mulsa

114 2436 247 2508 sumptas
268 2432 343 2491 mire
361 2430 504 2509 prodesse
523 2429 714 2490 manifestum
735 2436 789 2509 est,
813 2431 902 2490 etiam
922 2432 948 2490 si
967 2433 1129 2509 sanguinu-
1143 2448 1171 2490 66

114 2518 225 2580 lentam
247 2521 364 2579 urinam
389 2520 612 2597 strangurioeus
635 2519 735 2598 faciet;
765 2536 801 2578 66
825 2536 901 2597 6666
924 2520 1129 2581 tantummodo

61 2617 94 2668 ‘10
115 2606 208 2669 calida
232 2625 281 2668 eas
304 2616 407 2688 potare
430 2605 558 2668 debebit.
591 2606 660 2666 Avis
680 2605 840 2685 ossifragae
860 2607 1043 2668 ventriculus
1063 2605 1130 2669 sali·

115 2705 173 2777 tus,
196 2705 231 2756 ut
254 2699 367 2757 servari
385 2698 488 2776 possit,
512 2705 563 2756 aut
582 2694 1129 2774 6666666666166616666666166666

116 2803 185 2847 cum
208 2787 269 2845 vini
292 2787 412 2863 potione
436 2785 522 2845 datus
546 2785 664 2844 urinam
688 2784 849 2845 efficaciter
871 2793 1022 2863 provocat.

63 2885 96 2934 71
205 2872 293 2934 Molis
320 2875 499 2953 inpetigines
527 2875 558 2934 in
581 2880 709 2951 utroque
734 2891 822 2934 crure
846 2891 938 2952 snper
961 2892 1057 2952 genua
1079 2893 1130 2935 na·
1145 2892 1172 2932 so

116 2971 243 3024 scuntnr
262 2971 292 3023 66
310 2963 401 3023 veluti
420 2963 497 3024 cutis
517 2960 616 3021 aridae
635 2961 723 3021 modo
742 2961 911 3043 inhaerent,
932 2962 985 3022 bas
1004 2963 1131 3024 incende

116 3060 146 3113 et
174 3053 412 3130 stranguriosum
440 3051 633 3112 divaricatum
662 3049 792 3130 desuper
819 3069 910 3130 pone,
938 3053 979 3112 166
1007 3059 1042 3112 66
1069 3052 1131 3112 suf-

115 3141 340 3220 fumigationem
368 3140 448 3204 illam
472 3141 609 3219 expansis
634 3137 768 3200 vestibus
792 3146 885 3220 tegat,
914 3157 951 3200 ne
976 3158 1034 3220 qua
1057 3139 1132 3202 odor

206 3294 426 3351 lsesimbrium.
500 3291 684 3362 dglieeriza'e
703 3290 962 3349 commanducatae.
1030 3298 1132 3363 ltpar-

116 3364 240 3434 gabitnr.
350 3373 384 3422 14
406 3365 602 3436 smangulioso.
712 3367 745 3418 18
770 3363 944 3431 stranguriae
970 3361 1131 3420 Germanice.

119 3441 151 3488 19
171 3436 344 3492 extincxerit.
453 3442 487 3492 22
512 3433 703 3506 stranguriam
722 3432 881 3488 Carnarius.
991 3434 1132 3491 emendat.

118 3511 151 3559 26
171 3504 268 3577 etiem]
288 3524 361 3563 nam.
434 3514 469 3563 26
489 3506 535 3578 66]
554 3508 591 3561 et.
663 3503 835 3559 2666111666.
909 3503 1052 3559 abienus.
