2564 3794
544 104 784 168 -170-

569 282 648 344 CAP.
673 281 758 343 xvli.

156 395 210 450 Ad
228 393 432 464 suspiriosos
451 394 508 449 vel
525 395 570 450 ad
589 393 792 463 dyspnoioos
807 397 842 449 et
855 395 901 450 ad
915 408 1036 450 omnes
1051 406 1173 452 ceum
1249 443 1251 450 Α

157 482 368 549 amariorum,
392 483 435 538 de
457 483 583 552 quibus
604 482 714 553 ruptis
736 482 875 550 sanguis
897 486 1045 552 emanet,
1070 486 1106 539 et
1128 486 1174 540 ad

156 571 306 627 vomitus
332 571 582 640 restringendos
613 574 649 627 et
675 572 911 640 provocandos
944 575 979 627 et
1005 573 1052 627 ed
1080 573 1174 628 sitim
1252 597 1253 604 1

156 661 339 717 arcendam
353 663 388 715 et
401 659 445 716 ad
458 659 627 728 singultus
640 659 843 714 inhibendos
859 662 895 715 et
908 661 952 716 ed
965 661 1174 717 reumatiooe

157 751 192 804 et
217 749 262 805 ed
283 748 402 805 vulsos
423 749 573 804 remedia
590 747 804 803 rationabffle
822 751 858 803 et
874 748 1017 819 physica
1037 749 1174 805 divom

503 838 546 893 de
569 835 821 906 experimenda.

122 983 136 1032 1
244 972 289 1034 Ad
309 975 471 1053 suspirium
489 973 560 1034 facit
583 971 659 1033 hene
682 979 809 1052 acetum,
829 972 908 1050 quod
928 971 1101 1033 scilliticum
1127 992 1174 1033 ro·
1257 992 1258 1038 1

156 1069 234 1141 cant,
257 1061 395 1122 cocliario
415 1069 462 1123 ter
481 1070 621 1141 quaterve
644 1068 797 1140 sumptum
815 1059 851 1120 ad
871 1060 958 1120 diem.
996 1059 1126 1122 Prodest
1144 1071 1176 1123 et
1258 1080 1259 1126 1

157 1149 240 1210 scilla
263 1148 364 1227 argilla
388 1149 571 1212 circumdata
594 1157 624 1210 et
643 1150 730 1210 iurno
750 1157 834 1209 00010
856 1150 992 1228 purgatis
1016 1151 1174 1222 exteriori·
1259 1170 1260 1198 1

143 1237 213 1300 ,hus
236 1236 439 1315 putaminibus
462 1245 493 1298 et
516 1239 595 1317 quod
618 1240 682 1299 eius
706 1239 903 1298 tenerrimum
926 1245 973 1298 est
996 1239 1104 1299 tritum
1124 1239 1175 1300 ad·
1260 1261 1261 1280 ¹

156 1326 242 1386 iectis
266 1323 360 1385 meliis
374 1326 465 1386 Attici
483 1325 598 1386 duabus
616 1327 752 1405 partibus
772 1333 802 1386 01
820 1329 897 1386 00011
915 1325 987 1386 honi
1006 1345 1065 1386 una
1084 1335 1201 1406 partes

156 1421 245 1492 atque
263 1415 304 1474 110
323 1414 444 1474 decocta
463 1423 493 1475 et
511 1433 565 1494 per
583 1414 703 1494 ligulam
717 1433 807 1476 unam
822 1414 915 1474 semel
929 1415 961 1474 in
976 1414 1024 1475 die
1043 1425 1173 1494 sumpta.

121 1511 137 1560 2
245 1501 361 1564 Profuit
384 1502 485 1564 multis
508 1505 543 1564 ad
567 1505 730 1583 suspirium
756 1502 802 1563 vel
821 1503 1002 1582 dyspnoeam
1022 1503 1176 1582 depellen-

157 1591 224 1653 dam
252 1591 353 1671 pulmo
382 1591 477 1672 vulpis
500 1591 547 1652 vel
570 1594 654 1653 iecur
677 1595 708 1652 in
731 1591 788 1652 olla
811 1591 896 1652 fictili
918 1599 1058 1653 exustum
1082 1603 1175 1672 atque

156 1681 193 1742 ad
221 1683 352 1742 cinerem
380 1681 533 1742 redactum
562 1690 591 1741 01
619 1680 720 1741 datum
744 1680 780 1740 ad
804 1679 883 1740 diem
906 1682 1006 1740 ieiuno
1030 1699 1176 1742 mensura

156 1769 364 1831 cocliariorum
388 1771 479 1830 trium
502 1788 570 1830 cum
593 1787 687 1848 aquae
707 1767 821 1848 cyathis
845 1767 952 1848 trihus,
976 1771 1003 1828 si
1021 1768 1216 1831 febricitare

156 1858 213 1920 hit:
232 1861 258 1919 si
277 1860 413 1920 sincerus
432 1860 498 1939 erit,
518 1877 554 1919 ex
572 1859 640 1918 vino
660 1865 774 1937 vetere3
792 1857 907 1936 profuit
925 1865 955 1918 01
969 1857 1071 1936 pulmo
1091 1861 1178 1920 cervi

156 1947 260 2008 eodem
283 1947 370 2008 modo
394 1947 542 2008 arefactus
565 1955 596 2006 01
619 1945 713 2006 datus

120 2044 137 2092 3
244 2035 370 2096 Prodest
389 2037 560 2114 suspiriosis
575 2035 632 2094 hoc
647 2034 896 2094 medicamentum
911 2033 1078 2095 evidenter:
1103 2034 1177 2096 Alu-

155 2126 244 2184 minis
272 2125 335 2184 fissi
359 2122 452 2204 avl,
480 2125 540 2202 opii
562 2122 629 2184 111.
674 2122 758 2201 Aqua
781 2123 887 2199 exigua
910 2125 1012 2201 opium
1036 2122 1177 2206 diluitur,

155 2215 299 2272 miscetur
322 2211 445 2272 alumini
466 2220 534 2272 ante
559 2212 638 2271 trito.
676 2209 767 2272 Fiunt
790 2208 901 2289 globuli
925 2212 1033 2272 ciceris
1058 2215 1223 2290 magni-15

156 2300 268 2379 tudine,
291 2299 400 2360 dantur
422 2300 523 2360 ieiuno
542 2306 610 2359 ante
630 2298 730 2360 cibum
750 2300 888 2378 quaterni
906 2308 957 2360 aut
977 2301 1069 2378 quini.
1107 2299 1177 2363 Ηο0

155 2387 403 2447 medicamentum
432 2395 462 2448 et
489 2388 526 2448 ad
554 2389 707 2466 sanguinis
735 2388 923 2466 eruptionem
956 2405 993 2448 cx
1020 2389 1178 2451 interiori-

155 2473 212 2534 bus
235 2473 370 2552 partihus
394 2475 464 2535 iacit
494 2484 524 2536 01
551 2476 587 2536 ad
615 2483 746 2536 veterem
774 2483 888 2536 tussem
912 2485 943 2536 et
965 2476 1002 2536 ad
1025 2476 1177 2554 pthisicos

155 2561 201 2622 vel
225 2561 383 2640 purulenta
406 2571 588 2624 excreantes.

120 2659 138 2707 4
244 2649 308 2711 Hoc
332 2669 450 2730 qnoque
473 2651 723 2712 medicamentum
748 2651 785 2710 ad
808 2652 971 2728 suspirium
995 2653 1067 2712 satis
1092 2671 1177 2714 com·
1193 2673 1224 2714 ao

155 2738 243 2798 mode
267 2738 350 2800 iacit:
379 2738 516 2819 Sulpuris
539 2738 605 2819 111,
629 2741 700 2800 nitri
722 2737 788 2819 iil,
811 2737 946 2799 abrotani
969 2740 1050 2817 quod
1073 2740 1177 2804 trihus

157 2826 257 2905 digitis
281 2827 483 2906 conprehendi
500 2829 604 2907 possit.
637 2825 717 2888 Haec
736 2826 962 2887 contunduntur
980 2836 1010 2888 et
1029 2835 1178 2891 teruntur

156 2917 287 2995 curiose3
310 2933 379 2975 cum
403 2933 477 2994 opus
501 2923 556 2996 est,
580 2915 687 2975 dantur
710 2932 746 2975 cx
767 2914 814 2975 his
833 2917 933 2976 ieiuno
953 2915 1093 2978 cocliaria
1112 2916 1178 2980 duo

157 3021 225 3064 cum
248 3002 365 3064 duohus
389 3003 501 3083 cyathis
525 3005 602 3065 aceti
624 3001 720 3064 calidi.

245 3173 301 3230 cia.-
326 3173 504 3244 suspirioaus.
613 3172 792 3242 amariorum]
816 3172 982 3227 arteriarum
1007 3171 1177 3232 0001000100.

155 3241 292 3315 vomicas]
311 3245 440 3300 vomitus.
530 3243 749 3312 restringendae.
839 3243 1042 3310 provocandae.
1136 3247 1177 3300 ad

156 3330 206 3368 om.
225 3319 289 3368 onte
307 3314 454 3383 singultus.

247 3383 424 3440 lscillitnm.
479 3383 612 3453 Bargila.
666 3383 757 3438 forne.
813 3381 1012 3450 idyspnuam.
1061 3387 1092 3435 11
1109 3401 1178 3440 sen·

157 3467 245 3508 cerua.
317 3461 352 3509 23
371 3456 426 3510 duo
445 3472 509 3510 cum
527 3471 577 3508 om.
