2564 3794
479 151 722 217 -155-

2 369 3 384 2
94 317 194 376 iacere
223 315 367 394 catapotia
395 314 607 393 magnitudinis
636 313 733 394 labae,
760 314 829 375 inde
857 322 941 375 terna
965 314 1011 375 vel
1037 333 1107 394 qua·

93 413 180 465 terna
202 405 235 464 in
257 410 376 464 noctem
398 403 445 462 vel
469 405 547 463 sicca
570 401 616 462 vel
640 421 675 463 ex
704 402 786 463 calda
814 420 890 482 aqua
918 403 1001 483 dare,
1031 422 1107 483 quae

93 492 179 553 etad
198 491 367 552 inllationes
385 491 643 570 distensionesque
665 509 733 552 cum
752 509 844 570 aquae
863 491 974 552 calidae
993 491 1106 572 cyathis

93 579 192 642 tribus
211 580 325 641 utiliter
339 579 455 640 dantur.
488 579 532 640 td
547 597 612 640 eam
626 597 690 640 rem
705 581 858 640 remissior
873 579 992 658 quidem
1007 581 1105 659 pastil·
1125 593 1142 640 s

64 665 156 748 slus,
184 668 236 728 sed
262 686 322 729 non
346 667 581 729 contemnendus
605 669 713 747 accipit
735 667 821 729 haec:
859 667 959 748 Croci,
983 687 1107 750 myrrae,

0 822 1 829 χ
93 757 211 838 alterci‚
239 759 299 836 opii
326 757 457 836 pondera
484 759 567 836 paria
594 764 718 817 contusa
743 759 908 817 miscentur
931 756 1106 835 despumato

0 860 1 911 Ἰ
93 846 193 906 Attico
213 845 301 926 melli,
324 846 400 906 liunt
418 844 527 924 pastilli
546 845 680 925 eiusdem
699 845 849 925 ponderis,
870 852 904 905 ut
925 863 1014 924 supra
1035 847 1106 906 scri·

92 941 179 1013 ptum
203 941 262 1014 est,
286 933 395 994 dantur
417 935 499 994 iuxta
522 926 654 994 aetatem
672 939 703 993 et
725 935 804 993 vires
827 935 858 993 in
882 942 1014 1013 noctem3
1037 933 1108 996 licet

0 1070 1 1073 ,
93 1031 124 1084 et
146 1022 216 1083 hinc
235 1023 381 1101 catapotia
400 1023 497 1083 lacere
516 1030 640 1101 propter
657 1021 780 1082 eandem
800 1039 920 1082 causam
940 1020 1026 1099 [utile
1045 1022 1107 1104 sit],

0 1126 1 1137 ³
51 1127 79 1166 ro
93 1111 147 1172 sed
170 1118 243 1171 tnnc
267 1129 360 1190 aquae
383 1110 442 1171 mel
464 1111 599 1172 adicitur.

182 1198 321 1260 Pastillus
339 1199 376 1260 ad
395 1201 502 1260 tussim
525 1207 554 1260 et
578 1199 614 1260 ad
638 1202 812 1278 sanguinem
835 1201 995 1260 reicientes
1018 1209 1049 1260 et
1069 1199 1106 1261 ad
1125 1211 1141 1261 e

92 1287 280 1349 stomachum
303 1287 434 1349 solutum
452 1287 604 1368 habentes,
627 1289 697 1349 iacit
719 1298 749 1349 et
767 1288 803 1348 ad
822 1288 1019 1349 deiectionem
1038 1306 1106 1348 ven-

0 1410 1 1453 y
93 1379 149 1437 tris
172 1384 202 1436 et
226 1379 339 1437 vesicae
363 1375 509 1456 dolorem,
532 1379 641 1456 accipit
663 1377 749 1438 haec:
776 1377 844 1455 Apii
870 1379 992 1437 seminis
1016 1377 1041 1437 i
1061 1376 1106 1457 Vl,

94 1483 180 1525 rosae
197 1464 337 1526 loliorum
355 1465 553 1526 arefactorum
571 1469 602 1526 in
621 1465 727 1526 umbra
745 1463 849 1546 llllll,
868 1483 983 1544 myrrae
1003 1463 1106 1546 xxti,

53 1563 80 1608 ss
95 1555 176 1614 croci
200 1551 296 1636 3le,
325 1555 387 1632 opii
407 1551 435 1613 Ξ
453 1553 515 1614 llll.
561 1554 629 1633 Apii
656 1572 758 1614 semen
787 1561 817 1613 et
839 1571 961 1614 crocum
984 1562 1015 1614 et
1038 1553 1106 1613 lolia

92 1659 179 1702 rosae
207 1642 433 1702 contunduntur
456 1641 699 1722 cribranturque,
727 1659 826 1721 myrra
854 1643 975 1720 teritur,
1004 1643 1106 1719 opium

1 1779 2 1814 3
93 1749 170 1810 aqna
193 1739 374 1811 maceratur,
402 1733 501 1790 omnia
525 1730 631 1790 deinde
655 1733 802 1790 inunum
826 1731 1002 1808 miscentnr3
1031 1747 1106 1808 aqna

1 1817 2 1860 t
93 1819 206 1880 adiecta
230 1819 306 1879 liunt
328 1818 438 1898 pastilli
461 1819 496 1879 ad
520 1819 636 1898 pondus
660 1819 775 1878 denarii
798 1819 930 1877 semissis
949 1824 1000 1877 aut
1019 1819 1107 1878 tertia

1 1865 3 1944 l
93 1915 178 1987 parte
206 1907 350 1987 detracta,
378 1907 488 1968 dantur
510 1907 694 1968 stomachum
721 1905 903 1966 imbecillum
928 1904 1106 1966 habentibus

54 2011 80 2050 ro
94 2004 125 2056 et
147 1998 321 2075 sanguinem
345 1995 538 2056 reicientibus
566 2015 602 2056 ex
627 2014 720 2074 aquae
749 1994 872 2073 frigidae
899 1993 1011 2073 cyathis
1035 1994 1106 2054 duo·

0 2099 1 2136 1
93 2085 158 2167 bus,
182 2087 290 2145 ceteris
313 2102 349 2144 ex
373 2084 484 2145 calidae
507 2085 631 2145 totidem
654 2083 768 2162 cyathis
790 2082 856 2142 dari
878 2081 975 2142 debet.

180 2172 319 2233 Pastillus
343 2191 377 2233 ex
403 2171 558 2253 odoribus,
586 2175 638 2251 qui
665 2171 742 2232 bene
766 2171 836 2232 iacit
859 2170 895 2230 ad
919 2188 1037 2231 omnem
1059 2173 1140 2230 int

0 2251 1 2278 ἶ
93 2271 212 2322 ternum
235 2261 376 2341 dolorem,
399 2263 521 2341 proprie
545 2269 644 2321 autem
668 2260 704 2319 ad
727 2261 834 2320 tussim
857 2267 888 2319 et
906 2261 1036 2337 pectoris
1056 2260 1105 2320 de-

94 2349 283 2410 stillationem
307 2357 337 2410 et
360 2348 515 2409 oculorum
539 2348 710 2429 epiphoras,
735 2349 805 2408 lacit
828 2356 858 2407 et
881 2347 917 2407 ad
941 2349 1105 2427 suspirium

54 2453 80 2494 25
95 2446 124 2499 et
147 2439 183 2498 ad
207 2439 308 2498 lateris
332 2437 464 2498 dolorem
491 2446 521 2497 et
551 2438 586 2498 ad
615 2437 772 2516 pthisicos,
795 2437 893 2496 vesica
917 2454 1036 2516 quoque
1059 2436 1106 2497 vel

94 2526 216 2587 renibus
239 2525 443 2586 laborantibus
467 2526 512 2585 vel
535 2527 709 2603 sanguinem
737 2525 774 2585 de
801 2527 888 2584 urina
911 2524 1105 2587 reddentibus

94 2613 286 2676 cumdolore
309 2613 424 2674 utiliter
446 2614 547 2694 datur,
574 2615 684 2692 accipit
706 2613 792 2674 haee:
829 2613 977 2694 Cinnami‚
1001 2617 1105 2693 casiae,

94 2705 183 2784 croci,
207 2701 392 2780 singulorum
415 2700 441 2761 Ξ
464 2712 575 2783 ternos,
603 2701 706 2762 alterci
728 2703 851 2762 seminis
875 2711 906 2761 et
928 2701 1105 2780 Apollinaris

93 2790 202 2852 herbae
226 2790 335 2851 radicis
358 2789 542 2869 singulorum
567 2789 593 2849 ll
612 2798 782 2870 quaternos,
805 2791 917 2868 piperis
936 2789 961 2848 ll
980 2789 1020 2871 ll,
1044 2793 1105 2869 opii

55 2895 80 2934 so
95 2878 119 2940 ll
137 2879 185 2962 ΙΙ,ἱ
207 2881 284 2940 turis
308 2877 406 2959 lllll,
433 2878 519 2938 nardi
542 2881 640 2957 spicae
664 2877 743 2938 llll.
789 2877 863 2938 Vino
887 2877 1011 2938 Falerno
1035 2897 1104 2938 con-

94 2977 160 3029 tusa
183 2977 213 3028 et
235 2969 306 3028 trita
329 2967 415 3048 haec,
439 2974 472 3027 ut
495 2965 597 3046 debet,
620 2974 872 3047 consparguntur,
897 2967 973 3028 liunt
995 2965 1106 3046 pastilli

94 3057 129 3117 ad
152 3056 270 3136 pondus
294 3055 319 3116 ll
342 3057 474 3116 semissis
499 3064 550 3116 aut
568 3057 655 3116 tertia
673 3063 758 3134 parte
777 3055 923 3135 detracta3
947 3055 1055 3116 dantur
1073 3057 1104 3115 in

94 3153 220 3226 noctem,
242 3153 332 3224 prout
355 3145 436 3222 aegri
458 3144 537 3204 vires
561 3151 639 3224 sunt,
663 3161 731 3203 curm
750 3160 842 3220 aquae
862 3142 973 3203 calidae
992 3144 1105 3222 cyathis

95 3233 210 3294 duobus
232 3241 284 3293 aut
306 3231 412 3293 tribus.

164 3445 180 3493 9
199 3439 282 3494 ocrim
299 3436 370 3492 utile
390 3437 428 3491 sit
444 3451 502 3490 con
518 3441 584 3491 scoot
602 3437 680 3504 apud
697 3435 821 3490 Seston.
876 3440 908 3488 19
927 3431 1105 3489 imbicillum.

94 3516 127 3565 22
144 3509 290 3580 pastellos.
363 3513 397 3563 25
415 3506 547 3577 phisicos.
620 3511 655 3561 28
674 3505 842 3576 apolenaris.
