2540 3802
478 153 714 218 -205-

86 321 198 397 vimus3
218 334 285 376 nam
306 325 336 376 et
355 316 539 376 stomachum
557 317 632 376 mire
655 318 795 394 conponit
814 326 843 376 et
862 335 981 378 umores
997 319 1101 397 siccat3

88 413 278 467 excrementa
302 423 421 482 quoquc
444 404 493 463 illa
516 404 583 464 data
607 404 794 482 dysintericis
819 405 948 466 mirabili
971 405 1101 466 elllcaoia

87 502 225 574 prosunt.
270 493 414 570 Ossilragi
437 500 540 552 venter
563 493 745 553 madefactus
769 494 980 572 adpositusque
999 494 1046 555 his
1066 495 1101 554 ad
1121 509 1154 558 85

89 583 289 662 stomachum,
319 583 370 660 qui
393 580 475 641 eibos
499 600 559 642 non
583 582 757 660 conficiunt,
786 581 961 643 utilissimus
988 591 1034 642 est
1057 583 1101 643 val

60 675 180 732 setiam
205 673 370 754 sitantum
393 688 482 730 manu
505 679 652 750 teneatur,
675 671 836 748 plurimum
862 673 950 731 iuvat.

178 759 361 838 Oxyporium
376 758 588 838 Dionysianum
606 759 642 818 ad
662 759 857 836 digestionem
876 769 906 820 et
922 760 959 820 ad
973 762 1103 838 rigorem
1123 775 1155 823 86

89 848 236 909 stomachi
265 855 295 907 ct
323 847 359 907 ad
387 849 641 907 confirmationem
669 847 827 926 aqualiculi
860 849 1017 908 conficitur
1047 851 1103 908 sic:

89 937 298 1016 Cydoneorum
321 938 506 996 incoctorum
525 944 741 1014 tunsarumque
765 938 830 995 suci
849 934 880 996 8
895 936 916 1010 Ι,
939 936 1035 997 mellis
1055 937 1103 996 de·

90 1028 219 1104 spumati
243 1022 274 1084 a
293 1024 320 1104 1,
344 1027 420 1084 aceti
443 1027 547 1102 optimi
571 1022 601 1084 θ
620 1024 641 1084 Ι.
683 1023 762 1084 llaec
787 1026 819 1083 in
842 1043 935 1084 unum
958 1027 1105 1103 permixta

48 1135 75 1174 ιο
90 1131 159 1173 vaso
184 1112 297 1191 duplici
321 1112 542 1192 decoquuntur,
570 1113 665 1172 donec
693 1112 826 1172 soliditas
854 1113 890 1172 ad
919 1131 1012 1174 88818
1040 1131 1103 1173 sex-

92 1204 202 1262 tarium
230 1201 397 1282 redigatur,
425 1201 543 1260 additur
571 1201 702 1279 pulveris
729 1201 897 1278 petrosilini
924 1203 1012 1262 uncia
1037 1220 1105 1280 una,

92 1291 203 1370 cymini
227 1292 378 1349 semuncia
410 1298 439 1349 et
462 1289 538 1349 benc
562 1298 817 1367 contemperatum
848 1290 1031 1351 medicamen
1059 1308 1105 1349 va-

92 1379 174 1439 sculo
194 1381 289 1438 vitreo
309 1377 447 1438 conditur
467 1377 522 1437 sub
539 1377 690 1456 signaculo
706 1387 794 1456 atque
809 1378 878 1438 inde
895 1379 1029 1439 cocleare
1044 1378 1105 1457 ple·

8 1475 9 1500 ³
93 1485 165 1527 num
189 1485 205 1526 a
226 1469 328 1526 ieiuno
352 1467 505 1544 accipitur.

49 1577 77 1618 15
184 1553 363 1634 Oxyporium
377 1553 583 1634 Olympianum
597 1552 730 1633 polyctes
745 1555 781 1614 ad
794 1555 988 1632 digestionem
1001 1573 1105 1633 paran-
1125 1569 1158 1617 87
1175 1534 1193 1669 s

93 1645 161 1704 dam
190 1645 297 1722 accipit
323 1642 410 1704 haec:
442 1643 557 1721 Piperis
581 1642 708 1721 -18,
735 1642 895 1720 zingiberis
921 1675 959 1684 -
980 1642 1047 1722 183
1075 1645 1106 1702 in

93 1732 247 1811 pulverem
270 1731 389 1792 redacta
413 1739 443 1792 et
467 1739 547 1791 oreta
571 1730 653 1804 haec,
677 1749 745 1790 cum
764 1731 800 1790 ad
820 1731 1015 1809 digestionem
1034 1738 1106 1790 tem-

93 1821 224 1900 peranda
248 1828 345 1900 erunt,
369 1839 405 1880 ex
427 1819 513 1879 melle
538 1819 696 1878 dabuntur.
1192 1885 1198 1892 „

183 1908 365 1987 Oxyporium
398 1908 629 1987 pancharianum
662 1907 698 1966 ad
729 1907 937 1987 digestionem,
970 1905 1050 1984 quod
1079 1913 1108 1966 et
1127 1919 1160 1968 88
1171 1898 1190 1984 ,Ι

52 2022 79 2062 ao
95 1997 255 2077 aqualiculi
275 1997 460 2075 corruptelas
478 1996 524 2056 vel
543 1996 696 2056 aciditates
716 1997 865 2055 consumit
879 2002 908 2055 ct
923 1993 1108 2055 stomachum

94 2093 277 2147 marcentem
306 2095 434 2166 recreat,
462 2087 619 2144 tertianam
648 2086 736 2144 etiam
767 2102 834 2143 cum
862 2085 929 2144 vino
958 2091 988 2143 et
1015 2081 1110 2142 calida

96 2175 152 2236 sub
176 2175 249 2234 hora
274 2175 375 2234 datum
398 2177 473 2234 mire
497 2172 582 2253 tollit,
606 2173 765 2233 conficitur
784 2174 840 2233 sic:
864 2171 979 2250 Piperis
1001 2204 1038 2214 -
1055 2169 1109 2230 1111

96 2257 137 2350 ,9⁴
156 2261 205 2344 ΙΙΙ,
230 2263 330 2323 siselei
357 2296 392 2306 —
415 2262 436 2340 1,
460 2261 620 2340 zingiberis
645 2295 683 2303 —
705 2261 718 2320 Ι
739 2261 768 2340 S,
792 2279 890 2321 ameos
917 2293 954 2302 —
971 2260 984 2319 1
1004 2253 1043 2346 ,ᾖ
1063 2258 1111 2339 vl,

96 2354 180 2412 anesi
206 2352 297 2430 -ΙΙ,
320 2351 449 2430 libystici
470 2383 507 2393 -
525 2350 537 2410 Ι
553 2350 582 2430 S,
605 2352 736 2428 iuniperi
754 2349 878 2427 Hispani
896 2382 940 2392 —
954 2349 966 2408 Ι
982 2341 1022 2434 2·
1036 2347 1110 2428 V111,

55 2466 81 2505 25
96 2444 137 2502 ita
166 2448 201 2500 ut
227 2442 398 2518 iuniperum
426 2439 545 2499 abintus
568 2447 714 2518 purgetur
738 2437 853 2498 sublato
878 2440 990 2498 semine
1014 2444 1044 2498 ct
1068 2440 1110 2496 sic

95 2537 221 2590 teratur.
263 2528 342 2588 Haec
371 2531 467 2588 omnia
495 2531 526 2587 in
552 2527 704 2605 pulverem
727 2527 846 2586 redacta
869 2534 1056 2604 reponuntur
1079 2527 1110 2585 in

97 2617 206 2678 doliolo
234 2619 329 2677 vitreo
357 2619 485 2695 signato,
513 2615 602 2694 ligula
630 2615 716 2694 plena
744 2634 780 2674 ex
808 2615 902 2675 mulsa
925 2633 1000 2693 aqua
1024 2615 1111 2674 datur

95 2725 207 2768 1e1uno.

187 2794 232 2854 Ad
261 2794 451 2873 cruditatem,
479 2811 554 2871 quae
582 2810 721 2859 nauseam
750 2792 833 2870 lacit,
861 2791 1026 2851 remedium
1055 2792 1111 2850 sic:
1131 2803 1164 2852 89

58 2883 271 2955 30Vettonicae
300 2879 379 2959 drag.
402 2883 415 2941 Ι
442 2885 473 2941 in
502 2881 628 2960 oxymeli
655 2881 767 2959 cyathis
793 2879 891 2940 tribus
914 2882 1005 2940 mixta
1027 2880 1113 2956 potui

100 2971 196 3032 datur.
239 2971 289 3031 lus
318 2989 436 3049 quoque
459 2969 605 3048 pullinum
630 2969 695 3046 [ubi
718 2977 821 3030 coctus
844 2967 946 3045 luerit]
972 2967 1113 3028 cruditati

100 3061 271 3140 opitulatur,
297 3061 375 3119 siin
398 3061 495 3137 primo
518 3059 642 3136 prandio
667 3057 831 3118 sorbeatur.

190 3229 416 3284 2dissintaricis.
499 3226 637 3282 mirabile.
716 3225 911 3296 loqualicoli.
984 3229 1110 3278 Sancus.

14 3346 17 3363 ‚
103 3307 136 3356 15
154 3301 283 3370 poliates.
366 3307 398 3354 16
418 3299 545 3368 accipiet.
625 3305 658 3352 18
678 3298 799 3366 dabitur,
818 3297 931 3351 correct.
1004 3300 1038 3348 20
1057 3293 1114 3347 aci-

103 3373 190 3426 divas.
264 3377 297 3426 23
317 3371 417 3426 siselei.
495 3375 530 3423 24
548 3368 674 3424 libistici.
750 3368 924 3436 adsignata.
1000 3371 1033 3418 31
1052 3364 1114 3433 pul-

102 3443 192 3497 linum
214 3445 328 3513 scripsi:
355 3441 485 3512 pullium.
556 3441 638 3495 verbo
660 3439 710 3492 ubi
729 3439 823 3493 coctus
842 3437 927 3491 fuerit
943 3435 1001 3490 soil.
1020 3436 1114 3504 pullus

13 3584 16 3593 Ι
102 3515 232 3583 glossema
251 3531 305 3570 ecoe
322 3521 401 3571 ratus
418 3513 528 3568 inclusi.
