2564 3794
499 124 713 188 „31-

97 289 252 362 mentum3
288 285 389 344 mittes
421 291 521 344 tamen
549 287 580 344 in
611 285 735 346 eandem
761 284 848 346 ellam
876 305 944 346 cum
972 295 1055 348 aceto
1084 297 1114 350 et

97 371 183 430 ferro
210 389 296 432 rcsae
325 375 420 433 siccae
449 375 567 434 unciam
596 375 685 435 semis
713 391 747 433 ac
773 384 875 450 postea
904 373 990 435 cllam
1019 377 1112 454 ipsam

98 461 258 537 cooperies
287 460 356 520 fimo
384 459 528 522 caballino
561 463 689 541 recenti,
722 463 762 521 ita
794 469 829 521 ut
860 464 1009 541 spiramen
1040 463 1112 526 illud

98 546 177 606 ollae
199 565 254 626 per
277 547 421 610 calamum
444 548 573 610 liberum
597 552 648 629 sit,
676 549 733 610 boc
761 558 806 610 cst
833 557 867 610 ut
893 568 983 629 supra
1006 551 1112 612 molem

65 635 182 700 sillam
204 636 268 696 fimi
290 637 439 718 caballini,
467 656 527 716 quc
557 639 647 699 fuerit
671 637 726 698 olla
749 639 910 698 constricta
933 638 980 698 vel
1001 649 1113 718 operta,

96 722 198 784 solum
217 726 366 802 spiramen
386 727 523 807 emineat,
542 734 576 786 ut
594 744 712 805 semper
730 725 837 788 babeat
851 725 1013 788 anhelitum
1028 729 1111 806 quin·

96 812 199 872 decim
228 812 347 894 diebus,
375 814 484 892 quihus
512 833 635 876 necesse
664 822 723 894 est,
750 822 785 875 ut
811 817 842 874 in
870 815 939 876 iimo
967 813 1017 874 illc
1046 833 1112 892 per·

97 908 231 982 severet3
254 919 323 962 nam
341 905 461 964 omnino
480 902 661 983 observabis,
683 921 721 963 ne
740 921 881 982 umquam
904 902 962 964 illis
982 901 1033 962 XV
1052 903 1110 964 die·

96 987 157 1049 bus
176 989 375 1068 deoperiatur.
407 990 494 1052 Sexta
513 991 627 1052 decima
646 992 694 1052 die
713 991 799 1051 tolles
818 991 904 1052 ollam
923 991 960 1051 de
979 1000 1111 1052 stercore

55 1101 83 1138 ιο
97 1075 151 1138 illo
170 1085 200 1138 et
219 1077 377 1158 diligenter
399 1079 564 1154 mundabis,
585 1098 623 1140 ne
643 1079 713 1159 quid
734 1079 793 1139 illic
812 1079 965 1140 sordidum
983 1079 1112 1160 haereat,

98 1173 130 1225 ct
158 1184 228 1228 cum
254 1168 431 1246 patefeceris
459 1166 558 1248 ollam,
585 1170 685 1228 mittes
713 1169 744 1228 in
772 1186 836 1228 cam
864 1167 986 1228 feniculi
1009 1167 1112 1228 viridis

99 1271 217 1334 sucum,
241 1264 349 1334 quanta
374 1265 419 1318 est
437 1273 576 1316 mensura
594 1256 688 1316 bonae
708 1258 837 1335 potionis
855 1258 886 1318 in
903 1258 985 1337 vin03
1004 1256 1110 1317 deinde

99 1341 227 1420 agitabis
250 1343 301 1404 diu
326 1353 356 1406 et
378 1343 488 1405 celabis
511 1344 602 1406 linteo
626 1347 710 1406 tenui
733 1353 763 1406 et
781 1347 882 1406 mittes
900 1347 931 1404 in
949 1343 1109 1406 bucculare

99 1429 177 1490 rude
201 1429 248 1490 vel
270 1431 427 1510 diligenter
450 1433 617 1513 nitidatum,
640 1433 746 1494 deinde
769 1433 850 1494 lento
873 1435 941 1512 igne
960 1433 1109 1512 decequcs

56 1541 83 1581 rs
99 1527 131 1578 et
159 1536 278 1597 semper
305 1521 442 1601 agitabis3
474 1539 542 1582 cum
574 1521 789 1600 aliquantulum
812 1523 939 1601 coxerit,
966 1521 1056 1582 addes
1079 1523 1111 1580 in

99 1609 265 1668 sextarium
287 1609 491 1670 medicaminis
515 1613 571 1671 tria
595 1610 739 1671 coclearia
761 1609 857 1670 mellis
880 1611 985 1687 optimi
1003 1609 1110 1687 despu-

97 1697 172 1756 mati
200 1703 230 1756 et
257 1697 368 1758 iterum
391 1697 549 1777 diligenter
571 1699 760 1776 coagitatum
775 1713 902 1775 repones
929 1699 960 1755 in
984 1696 1111 1775 ampulla

97 1785 194 1844 vitrea
216 1792 268 1845 aut
290 1786 396 1866 pyxide
420 1805 530 1865 cuprea
554 1805 587 1847 ac
606 1785 662 1846 sub
682 1785 832 1862 signaculo
850 1783 973 1844 habebis
995 1791 1111 1844 etcum

98 1890 176 1950 cpus
205 1873 309 1954 luerit,
336 1875 372 1935 ad
401 1875 555 1953 caliginem
584 1883 614 1934 et
640 1872 808 1951 albuginem
832 1871 1043 1950 detergendam
1066 1874 1110 1932 in·

59 1961 196 2021 raterius
220 1963 322 2023 oculos
345 1965 479 2042 inunges.
499 1963 556 2030 ,Ad
575 1969 762 2041 praesentem
781 1967 880 2020 autem
902 1961 1047 2039 impetum
1065 1959 1111 2022 vel

8 2039 9 2050 ’
100 2048 247 2130 dolorem,
276 2053 409 2130 quamvis
436 2051 595 2112 vehemens
623 2051 674 2131 sit,
705 2049 834 2128 desuper
867 2047 968 2108 oculos
995 2047 1110 2108 inlines.

100 2136 185 2208 Quod
210 2140 236 2198 si
259 2140 378 2217 grandis
401 2141 500 2200 fervor
523 2138 678 2200 oculorum
706 2146 736 2198 et
759 2154 843 2198 acres
870 2135 915 2196 vel
937 2135 1111 2215 frequentes

99 2226 238 2287 lacrimae
262 2237 359 2310 erunt,
382 2231 471 2289 etiam
493 2236 626 2308 tempora
650 2234 680 2288 et
703 2226 831 2286 frontem
852 2224 1046 2286 medicamine
1066 2226 1109 2286 in-

100 2313 190 2396 lines,
212 2317 252 2376 ita
276 2319 365 2378 utin
388 2317 441 2377 die·
458 2315 505 2376 vel
528 2323 632 2395 quater
656 2314 834 2396 superfiuas,
858 2321 888 2374 et
911 2331 979 2374 cum
1002 2314 1109 2374 siccata

65 2423 88 2463 rs
102 2403 194 2464 buerit
216 2405 371 2483 superlitio
394 2407 471 2487 ipsa,
500 2423 559 2466 ncn
587 2405 668 2465 elues
697 2421 776 2484 eam,
803 2402 855 2464 sed
879 2419 997 2481 semper
1020 2401 1110 2462 addes

100 2509 206 2552 novam
240 2493 450 2554 inductionem.
504 2492 589 2563 Quod
622 2495 647 2552 si
679 2491 777 2552 scabri
806 2490 886 2552 oculi
916 2490 1029 2551 fuerint
1060 2501 1111 2550 aut

100 2597 225 2662 vermes,
249 2584 301 2660 qui
323 2581 478 2660 palpebras
502 2588 632 2661 errarent,
656 2589 686 2642 et
702 2580 771 2642 inde
791 2581 830 2640 sit
847 2587 947 2640 tumor
966 2580 1109 2658 invectus

100 2668 168 2730 cilia
186 2673 341 2748 superiora
360 2678 391 2730 et
408 2670 557 2750 iuferiora,
575 2669 606 2730 id
623 2677 670 2730 est
682 2667 838 2748 palpebras
852 2670 940 2746 ipsas,
953 2666 1006 2727 ubi
1021 2685 1109 2728 causa

99 2757 276 2818 valetudinis
303 2767 363 2838 cst,
390 2761 529 2836 inunges:
557 2759 719 2836 experieris
745 2757 781 2817 ad
804 2757 902 2816 omnia
925 2755 987 2815 fere
1011 2754 1109 2816 ocula-

65 2865 88 2905 κο
101 2865 166 2908 rum
191 2849 261 2907 vitia
283 2848 442 2908 mirificum
464 2847 721 2925 medicamentum,
745 2847 771 2905 si
793 2852 893 2906 castus
912 2851 942 2904 et
960 2861 1054 2920 purus
1074 2861 1109 2904 ec

100 2936 208 3014 utaris;
240 2935 277 2996 de
305 2952 363 3014 quo
390 2943 503 3016 tamen,
532 2935 602 2996 dum
629 2937 660 2995 in
688 2935 757 2994 iimo
786 2940 845 3015 est,
872 2934 921 2992 vix
943 2933 1031 2992 tertia
1059 2939 1110 2992 aut

100 3031 181 3084 certe
210 3023 307 3084 media
333 3041 403 3103 pars
429 3041 584 3084 remancre
611 3022 712 3102 debet,
740 3023 781 3081 ita
809 3022 889 3081 enim
916 3019 1022 3080 melius
1050 3020 1110 3080 fiet.

100 3111 173 3172 Nam
207 3119 317 3190 quante
350 3112 417 3190 plus
450 3114 636 3172 consumitur
667 3127 775 3188 vapore
808 3109 870 3168 fimi
901 3107 995 3188 illius,
1027 3115 1109 3168 tanto

100 3201 194 3278 magis
217 3201 402 3262 confortatur
430 3208 460 3261 et
486 3199 554 3261 ideo
576 3201 670 3260 maior
694 3197 750 3258 clla
773 3215 839 3258 esse
863 3196 959 3271 debet,
983 3205 1016 3256 ut
1042 3214 1109 3274 prc-

66 3306 89 3347 aa
101 3290 224 3368 pensius
253 3287 436 3350 medicamen
463 3290 526 3369 liat,
559 3287 638 3367 quod
666 3294 697 3348 et
724 3285 775 3346 diu
803 3286 915 3346 servari
939 3290 1058 3360 oportet
1080 3290 1110 3342 et

102 3376 202 3438 multis
225 3379 428 3438 necessarium
451 3386 505 3439 est.
596 3381 598 3386 '

190 3465 235 3526 Ad
268 3465 370 3526 cculcs
403 3465 524 3526 scabros
562 3473 591 3524 et
623 3461 779 3541 palpebras
810 3459 975 3538 perforatas
1002 3469 1162 3518 umcrelae

153 3575 315 3626 Haberemus,
328 3585 368 3616 un.
382 3576 538 3615 Hsnmurcn.
935 3562 951 3608 6
