2564 3794
167 185 184 220 ,
562 137 781 200 -so-

168 321 201 362 ac
229 309 331 380 postea
359 301 390 360 in
418 299 505 360 ollam
529 299 648 360 fictilem
673 317 778 358 novam
807 299 998 358 coniciuntur
1023 318 1091 359 cum
1114 301 1180 378 ipso

168 398 265 471 aceto,
290 407 378 468 quam
401 388 479 449 bene
500 396 633 468 opertam
657 391 687 448 in
707 390 815 466 equino
836 395 968 448 stercore
988 386 1074 448 obrui
1094 406 1180 467 opor·

168 487 211 540 tet
234 488 321 558 atque
345 477 406 538 illic
429 477 533 538 haberi
555 496 610 557 per
633 477 696 537 dies
715 475 779 557 XL,
803 484 905 556 postea
926 476 998 536 haec
1022 478 1180 556 permixtio

168 571 198 628 in
228 567 289 628 sole
317 567 434 626 arefieri
462 565 551 626 debet
583 585 616 626 ac
644 565 751 625 deinde
780 566 838 625 teri
865 572 895 624 et
925 571 989 624 tum
1018 583 1094 644 aqua
1117 565 1179 644 plu-

168 656 236 717 viali
265 655 384 735 collyria
413 657 535 715 lormari
559 655 709 734 convenit,
737 653 774 714 de
798 653 907 732 quibus
931 661 962 713 et
984 655 1086 732 inungi
1112 672 1208 715 ocu-s

168 745 226 826 los,
254 752 288 805 ut
312 745 569 824 suprascriptum
595 752 653 824 est,
677 745 775 803 causis
798 741 937 820 gravibus
961 741 1128 803 laborantes
1153 752 1183 803 et

117 833 321 913 126superlini
344 835 488 913 optimum
512 839 566 892 est.
608 831 652 892 Ad
677 831 831 892 oculorum
855 849 971 890 omnem
996 831 1129 892 dolorem
1153 841 1183 892 et

169 929 355 1002 praesentem
384 929 414 982 et
441 929 572 982 veterem
600 928 630 981 et
658 920 693 980 ad
722 919 876 998 caliginem
901 927 989 998 atque
1013 919 1182 998 albuginem

169 1020 199 1072 et
226 1013 375 1090 pruritum
405 1019 494 1090 atque
522 1013 687 1090 antiquam,
717 1018 750 1070 ut
771 1011 812 1069 ita
836 1009 973 1087 dixerim,
1000 1009 1181 1068 caecitatem.

168 1099 242 1160 Nam
267 1109 300 1160 ut
323 1101 438 1160 auctori
460 1099 549 1159 huius
573 1098 697 1160 remedii
725 1098 761 1158 de
791 1099 992 1176 experimento
1017 1097 1181 1175 credamus,
1197 1115 1223 1154 ro

170 1187 326 1247 duodecim
355 1205 500 1248 annorum
529 1205 617 1247 caeco
646 1188 723 1246 intra
751 1186 825 1246 dies·
843 1187 948 1265 viginti
970 1187 1066 1246 visum
1094 1187 1180 1246 resti-

169 1277 263 1336 tuisse
292 1294 324 1336 se
352 1275 432 1336 dicit.
479 1275 595 1346 eranto
624 1282 722 1335 autem
750 1277 900 1336 recentior
923 1274 1060 1334 valetudo
1092 1274 1182 1334 luerit

170 1363 334 1444 oculorum,
357 1371 439 1424 tante
463 1363 594 1424 velocius
618 1363 773 1424 curabitur
795 1363 990 1445 medicamine
1016 1362 1075 1423 tali.
1117 1363 1181 1424 Col-

169 1452 240 1531 lyris
261 1452 347 1513 multi
366 1454 494 1534 generis,
517 1453 547 1512 id
567 1460 613 1513 est
632 1451 677 1512 vel
696 1452 798 1512 decem
818 1451 1048 1533 confectionum
1067 1451 1182 1530 aequali

169 1541 214 1600 vel
238 1559 363 1602 numero
383 1541 428 1602 vel
447 1541 578 1621 pondere
601 1541 740 1602 infundes
760 1542 791 1600 in
814 1539 919 1601 lotium
943 1543 1030 1619 pueri
1060 1542 1226 1620 virginis1s

96 1639 99 1644 “
170 1638 200 1690 et
222 1630 257 1690 ad
281 1633 384 1691 uncias
409 1629 540 1710 singulas
564 1629 763 1710 collyriorum,
783 1647 857 1708 quae
881 1629 1037 1710 infuderis,
1061 1637 1183 1708 septena

170 1737 260 1797 grana
287 1721 400 1799 piperis
428 1721 460 1779 in
489 1721 629 1779 mortario
657 1718 750 1778 nitido
780 1717 1004 1797 diligentissime
1031 1725 1123 1799 teres,
1149 1725 1183 1778 ut

169 1807 322 1886 pulverem
352 1807 577 1869 subtilissimum
608 1808 698 1868 facias
729 1815 759 1867 et
788 1825 856 1868 cum
885 1805 981 1868 mellis
1004 1808 1109 1885 optimi
1133 1807 1182 1867 de-

170 1899 299 1974 spumati
326 1897 512 1958 coclearibus
539 1895 637 1956 tribus
664 1895 804 1956 miscebis
833 1903 863 1955 et
890 1898 999 1956 iterum
1025 1895 1203 1974 diligenter·

169 1993 263 2066 teres,
282 1993 384 2064 postea
405 1985 493 2047 simul
513 1985 677 2046 contundes
697 1986 804 2064 omnia,
823 1984 852 2044 id
868 1991 913 2044 est
928 1983 1058 2065 collyria,
1078 1983 1183 2046 lotium
1198 2001 1224 2041 eo

170 2083 200 2134 et
223 2075 308 2153 piper
332 2075 403 2135 illud
428 2093 496 2135 cum
520 2073 606 2134 melle
630 2077 792 2134 etiterum
816 2072 982 2133 diutissime
1007 2091 1040 2133 ac
1060 2072 1183 2150 diligen-

170 2165 284 2222 tissime
307 2171 387 2223 teres
411 2163 628 2240 collectumque
650 2162 743 2222 nitide
767 2163 798 2221 in
823 2161 930 2240 pyxide
950 2179 1059 2241 cuprea
1078 2179 1182 2222 recon-

170 2250 222 2310 des
245 2257 334 2328 atque
358 2269 394 2310 ex
418 2269 452 2310 eo
477 2249 639 2329 quemlibet
662 2249 817 2310 oculorum
841 2252 1009 2310 causarium
1032 2251 1128 2328 intus,
1152 2251 1182 2311 id

170 2347 215 2398 est
238 2340 316 2398 intra
340 2338 451 2418 oculos,
470 2341 604 2416 inunges.
640 2337 724 2408 Quod
745 2341 770 2399 si
789 2357 843 2418 per
862 2348 979 2418 tempus
998 2337 1182 2400 medicamen

170 2429 329 2505 spissatum
357 2426 460 2507 fuerit,
492 2427 596 2487 lotium
629 2427 744 2506 puerile
776 2427 896 2488 infantis
930 2436 1073 2506 quantum
1105 2445 1181 2506 opus
1197 2442 1222 2483 as

170 2515 269 2595 luerit,
293 2521 327 2575 ut
349 2533 431 2575 more
456 2515 570 2594 collyrii
593 2515 738 2595 liquidnm
762 2517 820 2596 liat,
843 2515 983 2576 infundes
1006 2521 1035 2574 et
1059 2517 1101 2576 sic
1126 2517 1182 2578 sub

170 2603 238 2664 cilio
263 2610 292 2663 et
315 2603 478 2684 palpebris,
501 2604 530 2664 id
555 2613 600 2666 est
624 2606 701 2665 intra
725 2605 835 2686 oculos,
862 2606 940 2665 siout
963 2603 1101 2684 diximus,
1126 2605 1182 2665 sol-

170 2692 281 2752 licite'
273 2710 408 2772 munges.
450 2692 513 2754 Hoc
536 2693 731 2754 medicamine
754 2692 856 2754 multis
880 2694 1091 2796 experimentis
1115 2713 1182 2772 pro-

170 2779 238 2840 bato
262 2789 378 2842 constat
400 2782 475 2842 nibil
498 2801 563 2843 esse
587 2784 800 2864 praestantius,
829 2783 871 2842 si
879 2783 946 2861 quis
970 2799 1004 2842 eo
1028 2789 1128 2842 castus
1152 2789 1183 2843 et

118 2881 268 2950 127purus
292 2878 401 2931 utatur.
438 2870 620 2932 Medicamen
644 2871 832 2932 barbaricum
852 2871 886 2930 ad
907 2873 1003 2930 omnis
1023 2869 1178 2931 oculorum
1197 2885 1223 2924 ³0

170 2977 274 3019 causas
294 2960 339 3020 vel
358 2961 496 3042 impetus,
520 2962 581 3020 sive
600 2963 660 3020 sint
677 2959 776 3021 scabri
796 2967 825 3020 et
844 2959 993 3020 lacrimosi
1012 2961 1073 3019 sive
1092 2961 1182 3020 etiam

169 3049 347 3109 vermiculos
370 3048 498 3110 habeant
521 3057 572 3110 aut
595 3049 755 3130 brigantes,
779 3050 831 3128 qui
856 3048 922 3108 cilia
946 3065 1030 3108 arare
1052 3055 1081 3108 et
1100 3047 1181 3108 exul-

170 3153 272 3197 cerare
296 3137 400 3199 solent.
437 3137 470 3197 ln
495 3137 581 3198 ollam
604 3137 710 3198 rudem
734 3139 834 3198 mittes
858 3145 920 3198 tres
940 3138 1086 3197 sextarios
1106 3138 1182 3198 aceti

170 3227 308 3286 acerrimi
336 3236 366 3288 et
394 3227 525 3308 serrum,
557 3227 588 3287 id
621 3235 666 3288 est
699 3225 796 3287 clavos
826 3233 942 3298 veteres
972 3227 1103 3286 minutos
1136 3224 1183 3286 vel

170 3314 225 3376 alia
254 3315 408 3377 minutalia
435 3317 508 3377 ferri
536 3323 664 3397 vetusta,
692 3323 722 3378 et
750 3314 869 3376 claudes
900 3314 987 3376 ollam
1016 3314 1182 3396 diligenter,
1198 3328 1223 3370 eo
1260 3365 1261 3368 ,

169 3405 344 3482 operculum
374 3407 505 3466 tenuiter
532 3405 694 3484 pertundes
723 3412 753 3466 et
780 3406 811 3464 in
839 3403 889 3464 illo
918 3404 1062 3466 loramine
1090 3422 1183 3484 pones

170 3500 220 3553 aut
244 3511 367 3555 cannam
391 3502 441 3555 aut
464 3492 638 3555 sambucum
659 3493 847 3574 perforatam,
867 3493 946 3555 unde
965 3493 1073 3556 habeat
1092 3496 1183 3575 spira-
