2540 3802
492 129 732 193 -233-

103 285 262 371 liquefacta
282 299 312 352 et
330 310 397 352 rosa
417 291 545 352 adicitur
563 310 597 352 ac
615 295 700 371 prius
714 295 856 353 mortario
871 292 947 354 hene
962 301 992 354 et
1005 293 1116 374 pistillo

104 383 262 441 commixta
289 398 380 441 manu
403 388 530 460 utraque
554 382 742 460 subiguntur.
788 381 872 442 Facit
894 383 951 443 hoc
974 383 1116 462 malagma

104 478 134 530 et
161 469 196 530 ad
225 469 328 529 luxum
356 477 386 529 et
414 469 450 529 ad
479 472 583 548 capitis
612 469 743 530 dolorem
770 470 862 531 fronti
885 475 1115 550 superpositum,

192 557 334 635 Malagma
358 557 394 617 ad
417 557 547 618 lienosos
571 560 626 619 sic:
652 557 834 638 Myrobalani
856 559 886 619 P.
906 560 927 640 l,
951 560 1116 639 aphronitri
1135 572 1152 619 8

77 645 131 705 oX
150 643 242 726 XXX,
265 647 401 725 capparis
422 647 530 707 radicis
549 646 575 706 X
595 645 682 729 XXV,
706 648 886 708 cardamomi
905 649 929 709 ll
948 648 1034 728 XXV,
1058 668 1116 709 am-

104 736 234 794 moniaci
256 741 356 812 guttae
380 732 514 816 XXXX,
537 753 623 795 cerae
642 735 673 796 P.
692 735 713 816 l,
737 738 807 796 irini
837 737 895 797 olei
918 737 948 799 P.
974 737 1003 797 S.
1043 737 1117 798 Cera

10 899 11 902 Ἴ
104 825 184 883 irino
208 821 344 903 solvitur,
373 822 482 902 quibus
510 827 725 885 ammoniacum
754 833 837 885 aceto
863 825 989 888 dilutum
1013 829 1117 886 misce·

10 903 11 920 ³
107 919 164 991 tur,
183 917 286 990 postea
305 911 387 971 arida
406 929 481 990 quae
501 920 571 973 sunt
590 911 718 972 cribrata
738 914 940 974 admiscentur
958 923 987 975 et
1006 917 1049 975 sic
1066 914 1117 975 diu

104 1002 135 1059 in
160 1001 301 1060 mortario
324 1007 473 1079 teruntur,
497 1000 603 1060 deinde
627 1001 763 1062 manibus
787 1002 863 1062 hene
887 1002 1075 1081 subiguntur.

65 1106 92 1144 ιο
194 1088 442 1148 Medicamentum
459 1088 537 1149 lunii
551 1089 657 1171 Crispi,
677 1091 755 1169 quod
775 1090 939 1170 appellatur
957 1091 1117 1172 ambrosia3
1136 1102 1152 1150 e

105 1176 162 1237 hoc
191 1195 227 1237 er
255 1174 352 1236 mulso
381 1176 482 1237 datum
510 1177 632 1238 lienosis
659 1182 853 1257 praecipuum
881 1187 1013 1258 praestat
1036 1183 1116 1240 auxi-

106 1266 194 1346 lium3
217 1264 354 1343 pthisicis
378 1283 496 1344 quoque
520 1274 551 1326 et
573 1267 629 1348 his,
654 1270 704 1346 qui
728 1267 889 1328 dilliculter
911 1287 946 1328 ex
964 1268 1118 1329 imbecilli·

107 1362 167 1413 tate
190 1353 277 1431 longa
300 1354 477 1414 reficiuntur
500 1364 530 1415 et
554 1358 606 1434 qui
629 1355 698 1416 mali
717 1365 788 1417 sunt
807 1356 923 1435 coloriS,
946 1375 1063 1417 necnon
1082 1357 1117 1417 ad

108 1441 164 1501 alia
187 1441 279 1501 multa
302 1443 371 1502 vitia
396 1445 467 1502 satis
490 1442 563 1504 utile
587 1453 641 1524 est,
665 1447 772 1523 recipit
794 1445 880 1506 haec:
904 1445 991 1506 Croci
1014 1448 1119 1524 optimi

66 1529 133 1589 mil
152 1528 192 1601 ΙΙ,
218 1532 355 1611 cinnami,
379 1531 473 1610 nardi,
497 1534 580 1610 costi,
604 1535 709 1613 casiae,
733 1551 859 1614 myrrae,
882 1534 1004 1594 schoeni
1027 1533 1118 1612 lloris,

107 1617 292 1696 singulorum
320 1618 345 1678 ll
373 1619 514 1697 singulos.
560 1619 613 1680 His
641 1624 775 1682 contusis
803 1630 833 1682 et
854 1621 998 1682 ¹cribratis
1022 1621 1117 1681 mellis

105 1708 198 1767 Attici
230 1705 410 1767 admiscetur
444 1707 522 1786 quod
555 1711 627 1769 satis
660 1713 709 1790 sit,
743 1710 813 1770 inde
846 1711 933 1771 datur
961 1729 997 1771 ex
1026 1709 1118 1770 calida

106 1813 182 1873 aqua
210 1795 245 1855 ad
270 1813 360 1873 supra
384 1796 462 1856 dicta
485 1799 583 1856 omnia
606 1799 677 1858 vitia
701 1806 844 1878 quantum
870 1799 953 1860 labae
977 1801 1118 1860 nostratis

106 1884 212 1944 modus
236 1890 290 1944 est.

64 1989 90 2028 ao
193 1971 329 2032 Lienosis
352 1971 475 2050 prodest
497 1973 649 2052 hyacinthi
673 1977 794 2035 seminis
818 1976 957 2037 denarius
977 1977 1117 2037 dimidius
1138 1983 1170 2032 10

11 2129 12 2142 2
104 2068 194 2141 potus
223 2079 259 2120 ex
287 2067 371 2120 aceto
400 2069 429 2121 et
451 2061 552 2142 melle,
579 2063 679 2141 polion
708 2064 799 2124 herba
823 2064 869 2125 vel
892 2068 1026 2125 tamarici
1049 2065 1118 2125 lolia

11 2163 12 2204 t
105 2157 156 2208 aut
175 2148 309 2210 eiusdem
329 2167 430 2208 semen
449 2158 500 2210 aut
519 2161 620 2210 cortex
639 2152 685 2211 rel
703 2151 804 2232 herba,
824 2171 911 2232 quam
932 2171 985 2212 nos
999 2156 1118 2233 vitrum,

105 2237 211 2297 Graeci
229 2237 335 2297 isatida
354 2246 468 2320 vocant,
488 2256 545 2317 qua
563 2239 725 2301 infectores
744 2249 879 2322 utuntur,
898 2242 1033 2301 similiter
1050 2249 1118 2320 pota

105 2327 267 2404 plurimum
291 2325 421 2403 prodest.

64 2432 92 2472 aa
196 2414 378 2474 Ammoniaci
402 2414 542 2475 denarius
564 2415 712 2496 dimidius,
735 2419 847 2495 piperis
867 2435 957 2496 grana
977 2420 1117 2498 quinque,
1139 2425 1170 2472 11

105 2502 175 2564 rubi
197 2504 295 2562 teneri
317 2501 456 2562 cauliculi
479 2510 555 2582 tres,
583 2503 657 2564 haec
685 2507 716 2564 in
744 2524 837 2566 unum
860 2508 929 2567 trita
953 2509 1118 2568 miscentur

106 2600 136 2652 et
160 2591 268 2651 dantur
291 2592 390 2650 omnia
413 2593 514 2651 ieiuno
532 2591 646 2652 lienoso
665 2611 723 2653 una
743 2596 863 2671 potione
883 2614 919 2656 ex
938 2598 1014 2656 aceti
1033 2599 1117 2656 semi·

105 2681 192 2740 mixti
219 2679 324 2758 cyatho
352 2697 425 2758 uno;
457 2681 532 2740 mire
564 2681 720 2742 adversum
753 2682 886 2744 dolorem
919 2691 949 2744 et
978 2684 1117 2745 duritiam

104 2768 192 2828 lienis
215 2766 345 2845 prodest.

65 2873 92 2912 oo
196 2855 337 2935 Capparis
360 2855 468 2916 radicis
487 2855 533 2916 vel
552 2859 681 2937 corticis,
705 2859 805 2920 scillae
824 2859 907 2920 bulbi
926 2861 1001 2922 aridi
1020 2880 1055 2920 ex
1074 2863 1117 2920 in·
1138 2867 1171 2916 12

106 2947 217 3006 teriora
241 2952 339 3025 parte,
362 2944 471 3004 radicis
495 2963 614 3024 quoqne
637 2950 771 3028 panacis,
795 2947 981 3026 singulorum
1005 2949 1118 3010 denarii

107 3034 177 3094 deni
196 3034 315 3093 contusi
333 3040 363 3092 et
382 3031 505 3093 cribrati
523 3041 607 3094 aceto
628 3043 658 3095 et
675 3037 762 3096 melle
778 3047 1024 3120 consparguntur,
1043 3039 1118 3098 fiunt

106 3121 217 3200 pastilli
236 3121 425 3181 denariorum
445 3121 638 3205 singulorum,
663 3123 771 3185 dantur
789 3125 911 3186 lienosis
930 3144 966 3186 ex
985 3133 1068 3186 aceto
1088 3135 1118 3185 et

12 3209 14 3282 l
107 3209 208 3289 melle3
232 3209 351 3288 quidam
375 3209 553 3270 addiderunt
575 3211 621 3272 his
640 3215 753 3290 piperis
772 3221 802 3274 et
820 3216 889 3274 vitis
908 3213 990 3274 albae
1008 3214 1117 3273 radicis

12 3285 13 3342 l
66 3314 94 3356 os
108 3298 246 3359 denarios
268 3298 372 3358 decem
400 3300 495 3359 tritos.
536 3297 619 3360 Facit
647 3300 704 3360 hoc
727 3301 975 3362 medicamentum
998 3302 1045 3361 his
1068 3301 1117 3360 ad·

108 3386 178 3448 ditis
202 3395 232 3447 ct
255 3387 291 3446 ad
314 3386 492 3466 hydropicos
516 3395 546 3447 et
569 3389 605 3447 ad
627 3391 819 3469 suspiriosos;
844 3398 890 3450 est
910 3389 967 3450 hoc
988 3389 1059 3450 utile
1081 3388 1118 3450 de

108 3477 318 3556 experimento.
