2518 3806
536 91 689 154 -348
739 127 778 137 -

149 253 277 333 lentum,
300 252 357 313 boc
381 253 467 312 modo
492 251 660 313 curabitur:
692 250 849 332 Butyrum,
878 252 1003 313 farinam
1026 251 1115 312 labae
1141 262 1172 314 et

150 341 300 402 modicum
329 341 423 401 mellis
451 341 591 402 miscebis
620 347 708 418 atque
736 342 767 400 iu
795 340 917 402 modum
945 339 1172 419 cataplasmatis

151 447 261 508 coques
290 438 320 491 et
347 432 379 490 in
406 429 526 490 linteolo
554 429 662 490 inlines
691 438 721 489 et
744 431 787 490 sic
811 429 847 490 ad
870 429 969 489 locum
992 429 1170 508 adplicabis,

150 520 260 579 mirum
283 519 449 580 remedium
473 520 646 596 experieris.

97 621 131 669 72
239 607 361 669 Veretra
384 615 418 668 ut
441 609 574 668 auctiora
598 606 762 680 videantur,
787 607 907 684 panacis
931 606 1015 665 radix
1038 607 1070 665 iu
1094 608 1196 667 vinos
1237 651 1238 654 ,

151 695 229 756 bono
253 695 352 756 triduo
376 704 545 756 maceratur
568 713 696 774 cumque
720 693 887 756 coeundum
912 703 966 768 est,
990 694 1098 754 lameri
1125 697 1169 755 in·
1237 723 1238 768 γ

152 783 269 865 ligatur,
287 803 320 844 rc
340 792 460 863 peracta
473 787 504 844 in
520 786 586 844 vinc
601 785 731 863 reposita
745 783 851 844 iisdem
865 781 970 844 usibus
985 791 1170 844 reservatur.
1237 779 1238 784 ’

99 886 138 945 73,
242 872 280 933 Ut
303 891 421 952 semper
445 875 486 933 sis
509 880 630 951 paratus
653 874 684 932 in
708 889 855 951 venerem,
881 873 964 950 porri
987 889 1089 932 semen
1115 875 1171 932 tri·

152 969 216 1022 tum
241 969 271 1022 et
294 970 378 1022 rutae
402 979 504 1022 semen
529 963 633 1022 tritum
656 962 759 1040 aequis
778 958 966 1038 portionibus
984 962 1078 1020 misce
1097 979 1170 1021 cum

152 1049 227 1111 lacte
253 1068 384 1128 caprunc
408 1051 523 1110 recenti
547 1058 576 1110 et
599 1051 718 1111 ieiunus
741 1049 864 1110 adsidue
887 1047 965 1110 bibe.
1183 1065 1208 1103 rc

536 1242 615 1303 GAP.
639 1241 782 1304 XXXllll.

152 1353 315 1409 Genuum
338 1353 515 1410 doloribus
539 1357 574 1409 et
592 1367 733 1410 crurum
752 1368 791 1411 ac
808 1354 972 1411 tibiarum
989 1348 1169 1411 ulceribus

152 1445 187 1498 et
204 1441 376 1498 varicibus
394 1445 428 1498 et
447 1442 542 1498 callis
560 1443 690 1512 pedum
708 1446 813 1512 atque
833 1443 937 1500 clavis
956 1445 991 1498 et
1012 1445 1170 1500 verrucis

152 1533 187 1587 et
213 1531 339 1601 plantis
367 1533 402 1587 et
429 1531 610 1601 pollicibus
638 1533 673 1588 et
695 1531 775 1588 talis
799 1535 834 1588 et
857 1531 1010 1588 articulis
1033 1535 1069 1588 et
1091 1547 1171 1603 per-

151 1619 312 1676 nionibus
331 1623 366 1676 et
383 1621 494 1690 ruptis
507 1620 653 1690 pedibus
668 1623 703 1676 et
717 1620 966 1690 condylomatis
979 1634 1171 1677 nervorum

151 1711 256 1778 atque
280 1709 504 1766 articulorum
527 1712 561 1764 et
579 1709 625 1765 ad
643 1710 865 1778 extrahenda,
889 1723 978 1779 quae
998 1723 1081 1765 casu
1100 1711 1171 1766 cal·

152 1801 228 1855 cata
254 1797 382 1854 fuerint
409 1798 465 1854 vel
492 1812 581 1868 quae
609 1797 742 1867 corpori
768 1798 987 1864 inhaeserint,
1015 1799 1170 1855 remedia
1237 1859 1238 1862 ,

196 1886 337 1956 physice
360 1889 394 1942 et
415 1885 628 1943 rationabilia
652 1886 784 1942 diversa
806 1888 850 1943 de
873 1887 1126 1957 experimentis.

118 2035 132 2083 1
241 2023 378 2083 Genuum
402 2021 498 2082 dolori
520 2041 642 2083 muscus
666 2041 702 2082 ex
721 2025 835 2101 piscina
853 2022 900 2083 vel
918 2023 1023 2083 lacuna
1042 2023 1089 2084 vel
1108 2035 1168 2084 sta-

153 2130 211 2190 gno
240 2111 383 2172 collectus
411 2111 526 2172 adiecto
554 2110 673 2190 paululo
704 2110 773 2171 salis
798 2111 939 2172 subactus
963 2120 993 2173 et
1016 2113 1169 2191 inpositus

117 2211 132 2259 2
152 2200 282 2280 prodest.
320 2198 454 2260 Hederae
477 2201 579 2276 nigrae
603 2198 743 2260 bacarum
766 2199 893 2280 hemina,
916 2201 991 2262 licus
1009 2200 1167 2262 Africanae

152 2288 183 2348 P.
203 2289 229 2368 1,
258 2289 401 2367 axungiae
428 2319 465 2330 -
486 2287 520 2348 X.
563 2286 692 2349 Contusa
720 2287 793 2350 baec
821 2298 851 2350 et
879 2307 947 2352 cum
971 2291 1039 2348 vinc
1064 2298 1168 2350 vetere

153 2375 276 2437 subacta
299 2376 425 2455 genibus
448 2375 532 2437 inlita
554 2383 693 2455 potenter
717 2376 833 2437 dolores
858 2396 961 2440 eorum
984 2376 1112 2439 abolent.
1181 2391 1208 2431 15

116 2476 133 2524 3
242 2464 344 2526 Genua
368 2468 394 2526 si
416 2464 576 2526 tumebunt
594 2465 640 2525 vel
663 2465 810 2526 instabilia
832 2475 930 2546 erunt,
953 2467 1097 2526 afronitra
1116 2486 1166 2528 co-

150 2555 235 2631 piosa
257 2555 288 2613 in
311 2571 399 2632 passo
423 2553 539 2616 Cretico
563 2555 733 2632 confringes
757 2563 787 2614 et
807 2555 971 2616 madefacta
990 2557 1166 2616 conminues

151 2641 259 2720 bisque
288 2641 378 2702 addes
406 2641 502 2702 lanam
526 2643 659 2703 sucidam
683 2651 713 2703 et
735 2642 861 2721 genibus
884 2645 1044 2722 inpositam
1068 2663 1165 2722 panno

152 2737 292 2808 conteges
316 2737 346 2790 et
369 2729 501 2808 alligabis
526 2739 555 2790 et
578 2749 616 2791 ne
640 2748 730 2792 sucus
750 2739 875 2814 emanet,
898 2731 1065 2810 pelliculam
1086 2733 1164 2794 lana-

151 2827 212 2879 tam
236 2836 428 2897 superpones.
1179 2833 1205 2873 ac

115 2919 133 2967 4
240 2905 397 2968 Ulceribus
425 2925 547 2967 crurum
576 2914 605 2966 et
635 2906 776 2968 tibiarum
808 2909 946 2970 medetur
978 2909 1069 2989 adeps
1102 2912 1166 2971 ursi

152 3015 220 3058 cum
244 2994 336 3056 herba
359 2994 508 3056 rubricata
533 3003 634 3076 tunsa;
658 3014 727 3056 cum
750 2996 823 3057 haee
846 3015 917 3076 ergo
937 3000 1079 3060 inunum
1100 3017 1164 3059 ccr-

152 3104 209 3165 pus
233 3084 355 3146 subacta
378 3086 517 3164 coierint,
545 3086 673 3162 inposita
697 3084 777 3146 velut
801 3085 994 3165 emplastrum
1017 3087 1164 3165 conligan-

117 3183 133 3231 5
154 3182 218 3255 tur,
245 3182 279 3235 ut
307 3173 358 3234 diu
381 3181 528 3234 maneant.
573 3172 678 3234 Ulcera
702 3173 855 3255 tibiarum,
884 3193 960 3254 quae
983 3178 1165 3236 intrinsecus

240 3380 296 3432 tit:
315 3395 426 3448 genum.

242 3454 274 3502 13
294 3449 374 3516 figas.
450 3448 690 3505 181anasucida.
763 3455 797 3503 24
815 3449 997 3504 intrensecus.
