2528 3814
526 115 679 182 -266
728 152 766 164 —

142 291 246 361 tutem,
269 280 407 341 adamans
428 278 503 357 lapis
522 279 659 358 invictus,
683 279 736 356 qui
753 296 852 357 neque
870 281 939 358 igne
958 297 1056 359 neque
1076 281 1160 342 ierro

142 372 280 450 vincitur,
304 371 330 429 si
348 369 492 446 sanguiue
511 367 627 427 hircino
646 366 786 446 pertusus
805 367 905 448 luerit,
928 386 996 430 mox
1015 368 1159 431 solvetur.
1245 389 1246 416 1

86 476 123 526 99
230 458 274 518 Ad
297 459 428 518 vessicae
452 455 586 517 dolorem
614 463 644 516 et
671 456 775 516 urinae
803 455 1008 518 difficultatem
1032 457 1159 520 herbam

142 547 302 628 gladiolum
325 541 483 625 diligenter
506 544 613 624 fodito,
640 553 675 605 ut
702 562 821 604 omnem
845 545 978 606 radicem
1001 548 1066 608 eius
1090 547 1159 626 palo

142 639 239 717 ligneo
267 653 369 716 eruas,
396 637 483 697 cuius
511 633 619 694 radicis
648 635 790 694 corticem
818 633 977 713 diligenter
1002 636 1184 698 nitidatams
1246 643 1247 648 ’

142 725 268 788 siccabis
292 726 403 803 optime
427 730 457 784 et
480 730 561 783 teres
584 729 673 801 atque
697 721 855 804 cribrabis,
883 731 917 784 ut
944 725 976 784 iu
1002 723 1159 803 pulverem

141 816 350 877 tenuissimum
373 812 500 892 redigas,
523 820 612 894 atque
638 829 675 871 cx
698 829 733 872 eo
756 811 901 872 coclearia
924 814 982 872 tria
1003 815 1108 875 mittes
1126 816 1159 875 in
1247 879 1248 892 ¹

141 905 318 966 mortarium
340 909 370 962 et
393 903 506 980 piperis
527 899 587 960 albi
605 917 696 978 grana
710 898 788 960 Vllll
806 902 876 960 trita
895 908 926 960 et
944 919 1061 980 myrrae
1081 905 1159 982 opti·
1247 905 1248 908 ’

142 1012 188 1054 me
211 995 300 1053 tritae
323 989 465 1070 pusillum
489 997 519 1050 et
541 991 602 1050 viui
625 990 730 1068 optimi
748 985 780 1048 9
799 988 826 1048 ll
849 996 938 1068 atque
960 988 1034 1051 haec
1058 993 1159 1052 omnia

141 1086 172 1142 iu
199 1099 294 1142 unum
321 1077 516 1158 permiscebis
544 1086 574 1139 ct
597 1084 735 1138 conteres
758 1095 792 1137 ac
815 1075 963 1138 laboranti
985 1079 1017 1140 in
1039 1078 1157 1161 balneo,
1172 1097 1196 1136 ιο

141 1171 172 1230 id
195 1178 242 1229 cst
265 1186 334 1228 cum
356 1169 388 1227 in
411 1169 556 1245 piscinam
580 1165 781 1246 descenderit,
809 1165 893 1226 dabis
921 1165 1082 1228 bibendam
1105 1187 1158 1248 po-

141 1259 253 1326 tionem
277 1264 307 1315 el
325 1254 469 1334 monebis,
491 1263 526 1315 ut
544 1271 577 1314 se
595 1263 664 1333 post
682 1253 820 1316 balneum
839 1254 1018 1316 calidissime
1037 1265 1156 1319 tractet.

141 1344 205 1405 Hoc
232 1343 427 1404 medicamine
451 1361 505 1402 seu
528 1343 574 1402 vir
597 1361 651 1402 seu
673 1341 781 1404 mulier
804 1361 858 1404 seu
880 1362 957 1423 puer
980 1362 1034 1406 scu
1058 1345 1158 1425 puella
1249 1387 1250 1404 ι

140 1434 346 1513 potentissime
369 1430 530 1493 sanabitur.

85 1537 121 1586 99
230 1520 366 1583 Cocleam
394 1520 536 1600 grandem
563 1538 653 1582 nmm
680 1521 774 1580 vivam
797 1520 927 1599 prendes
950 1529 981 1582 et
1004 1523 1069 1584 eius
1093 1541 1159 1584 car·
1173 1539 1198 1582 rc

141 1629 210 1673 nem
241 1612 353 1672 eximes
387 1628 420 1671 ac
451 1609 543 1670 solam
571 1616 652 1670 teres
684 1611 715 1670 iu
748 1612 889 1670 mortario
922 1617 952 1670 ct
980 1629 1048 1672 cum
1079 1615 1159 1674 aceti
1250 1616 1251 1660 l

141 1703 219 1762 acris
238 1690 416 1762 c‘ocliaribus
440 1698 537 1759 tribus
561 1696 645 1758 dabis
667 1697 826 1758 bibendam
845 1707 934 1778 atque
953 1698 1010 1760 boc
1029 1718 1084 1778 per
1103 1704 1159 1762 tri·

141 1791 233 1850 duum
251 1788 357 1869 lacies3
373 1787 481 1848 deinde
497 1789 668 1848 intermisso
687 1786 797 1867 triduo,
815 1788 874 1847 nisi
892 1789 992 1848 statim
1007 1789 1159 1868 expulerit

141 1877 300 1958 calculum,
333 1876 469 1938 similiter
496 1875 662 1938 remedium
695 1882 725 1936 et
752 1877 779 1936 si
805 1893 928 1936 necesse
956 1876 1060 1958 luerit,
1093 1897 1158 1942 sae-

140 1968 208 2047 pius
227 1965 319 2027 dabis.
1174 1983 1201 2024 ro

86 2069 121 2118 98
229 2054 337 2116 Felicis
365 2053 509 2132 radicem,
537 2054 671 2131 asparagi
699 2053 858 2132 slougiam,
885 2055 944 2132 apii
971 2054 1103 2116 radicem
1128 2065 1160 2118 et

140 2144 346 2225 petresilinum
367 2141 456 2202 simul
475 2140 633 2220 diligenter
651 2149 732 2202 teres
750 2149 780 2201 et
799 2143 899 2203 ieiuno
918 2141 1067 2204 calculoso
1087 2163 1160 2207 cum

85 2247 121 2296 99
141 2237 208 2296 vino
232 2232 317 2294 dabis
340 2230 511 2293 bibendum.
544 2228 642 2290 Violae
666 2231 810 2290 erraticae
833 2232 963 2292 rusticae
986 2233 1103 2295 radices
1128 2243 1160 2296 et

141 2324 200 2401 apii
227 2329 258 2381 et
285 2318 378 2381 violae
402 2319 575 2380 coronariae
602 2336 705 2380 semen
733 2336 792 2378 una
815 2321 943 2380 contrita
966 2327 996 2381 et
1019 2340 1056 2383 ex
1080 2341 1159 2403 aqua

141 2408 235 2472 calida
262 2427 278 2468 a
306 2407 422 2468 balineo
450 2408 592 2468 continuo
625 2408 710 2485 potui
743 2406 840 2469 oblata
872 2407 990 2470 dolores
1024 2413 1158 2472 vessicae
1174 2427 1202 2468 aa

141 2500 200 2559 cito
223 2497 354 2576 abigunt.

89 2599 140 2648 100
231 2585 319 2664 Lapis
342 2603 379 2645 ex
402 2586 516 2644 vessica
538 2583 668 2643 bominis
692 2583 824 2662 qualibet
847 2588 1001 2648 curatione
1021 2586 1157 2650 sublatus

141 2677 168 2736 si
189 2681 305 2735 teratur
329 2681 359 2734 et
382 2691 418 2733 ex
442 2673 503 2732 vini
525 2671 639 2751 cyathis
662 2671 760 2733 tribus
784 2673 931 2736 calculoso
954 2678 1039 2754 potui
1058 2677 1157 2758 detur,

141 2763 253 2843 lapides
276 2763 406 2822 vessicae
427 2761 573 2821 humanae
593 2761 711 2822 innatos
730 2761 891 2824 efficaciter
911 2764 1072 2826 dissolvere
1091 2783 1157 2826 cre·

89 2863 138 2912 101
146 2853 234 2913 ditur.
272 2850 374 2912 Cimex
397 2848 592 2910 foraminibus
616 2857 802 2912 veretrorum
822 2852 1002 2914 confricatus
1021 2853 1199 2916 doloremne

88 2952 139 3000 109
147 2943 277 3001 vessicae
300 2940 437 3018 protinus
461 2937 545 3000 tollit.
579 2936 699 2999 Vessica
721 2941 787 3018 apri
810 2948 892 3002 recte
916 2941 1072 3004 adversum
1091 2961 1157 3004 ves-

142 3031 220 3090 sicae
244 3028 361 3090 dolores
385 3029 416 3088 in
440 3026 507 3088 cibo
531 3027 673 3106 sumitur,
696 3029 794 3088 itaut
819 3029 927 3091 mulier
951 3031 1086 3112 feminae,
1110 3033 1156 3094 vir

88 3117 271 3180 103masculi
294 3125 399 3180 sumat.
434 3115 626 3178 Nastureium
645 3117 750 3177 tritum
768 3135 838 3178 cum
856 3120 924 3180 vino
943 3117 1024 3181 dulci
1042 3119 1155 3182 cibario

141 3207 225 3268 dabis
244 3208 375 3268 vessicae
394 3205 491 3267 taedio
510 3204 657 3266 laboranti
674 3222 729 3283 per
747 3206 882 3267 triduum
898 3211 991 3290 potui,
1010 3208 1155 3271 sedeatis

232 3418 246 3466 1
265 3411 327 3482 igni
342 3413 503 3469 Coroariccs.
551 3416 584 3466 15
598 3410 721 3482 prindes.
742 3481 748 3494 .
771 3417 805 3466 91
820 3412 927 3482 aspegi.
974 3417 1009 3468 26
1023 3412 1155 3487 abigunl]

141 3480 254 3536 abeunt.
327 3489 361 3538 33
381 3485 557 3538 summamal.
630 3484 806 3538 nasiorlrum.
