2564 3794
495 98 735 162 -161—

103 258 157 318 sed
180 259 289 318 tacitus
312 275 449 318 somnum
473 260 584 340 capiat3
608 261 667 319 cito
691 258 852 341 sanabitur,
875 263 902 321 si
924 261 981 324 hoc
1000 261 1047 323 vel
1065 265 1117 324 tri·

103 345 163 406 duo
187 347 300 406 fecerit.
346 345 520 406 Milefolium
542 349 646 408 tritum
671 365 707 407 ex
730 355 814 408 aceto
837 355 941 427 potum
964 353 1117 412 tussienti-
1136 366 1171 414 34

102 433 160 494 bus
179 442 267 513 atque
287 435 376 494 etiam
396 435 547 495 stomacho
564 438 661 514 ruptis
676 445 706 496 et
721 439 894 516 sanguinem
908 439 1116 501 excreantibus

104 522 240 602 prodest3
269 521 407 582 similiter
433 524 556 601 prodest
579 524 815 604 quinquefolium
839 527 943 586 tritum
966 536 1055 606 atque
1079 548 1117 588 ex

76 627 179 689 saqua
201 613 287 689 potui
310 610 419 671 datum.

177 697 331 778 ¹QuInque
355 717 478 759 ovorum
501 702 688 761 indoctorum
710 701 804 762 vitelli
832 721 900 763 cunr
923 705 984 764 vini
1006 707 1117 765 veteris
1136 719 1170 767 35

103 796 156 847 aut
182 787 273 847 mulsi
300 787 413 867 cyathis
441 787 539 848 tribus
565 791 707 868 permixti
734 797 764 850 et
789 790 882 851 calide
906 809 961 870 per
983 792 1117 853 triduum

102 877 168 954 poti
191 878 394 936 excreationes
414 885 554 938 cruentas
573 878 739 939 emendant.
771 877 870 940 Nuces
889 881 993 958 pineae
1012 883 1117 942 inanes
1135 896 1170 944 36

103 971 245 1024 contusae
273 966 305 1024 in
333 962 420 1024 ollam
447 967 609 1027 mittuntur
641 975 671 1027 et
699 975 772 1046 quot
799 968 911 1028 luerint
938 987 1045 1050 nuces,
1073 977 1117 1030 tot

63 1070 89 1108 ro
102 1052 274 1132 hyoscyami
302 1055 407 1114 unciae
435 1061 466 1113 et
494 1071 586 1133 aquae
615 1057 736 1116 sextarii
766 1055 949 1138 adiciuntur3
976 1057 1050 1118 haec
1080 1057 1116 1118 ad

101 1141 214 1201 medias
239 1140 449 1220 decoquuntur
471 1150 559 1221 atquo
584 1143 652 1203 inde
677 1143 713 1203 ad
731 1145 824 1205 tussis
843 1145 1009 1206 remedium
1027 1148 1117 1206 etiarn

101 1229 231 1308 pthisico
259 1228 388 1290 hibenda
416 1231 516 1291 ieiuno
544 1232 666 1292 cottidie
688 1234 784 1313 potio,
813 1235 902 1294 etiam
925 1252 961 1293 ex
984 1235 1066 1314 vitro,
1091 1236 1117 1294 si

102 1336 162 1378 non
186 1325 276 1378 erunt
299 1317 411 1398 febrm,
438 1318 597 1380 salubriter
620 1319 747 1382 dabitur.
794 1320 827 1381 Si
849 1321 886 1382 de
909 1325 986 1382 tussi
1009 1332 1116 1384 stoma·
1136 1337 1169 1385 37

104 1405 194 1466 chum
217 1408 285 1485 quis
304 1415 355 1466 aut
373 1406 465 1467 latera
484 1407 605 1488 dolebit,
628 1408 737 1470 herbae
756 1412 922 1473 vettonicae
941 1411 1115 1472 fasciculum

64 1510 90 1550 15
104 1512 173 1555 curn
197 1497 259 1556 suis
282 1494 433 1556 radicibus
456 1497 487 1555 in
511 1495 567 1556 olla
590 1514 666 1557 nova
689 1497 834 1577 decoquat
854 1516 922 1558 cum
941 1516 1034 1576 aquae
1053 1499 1117 1560 lixi·

103 1601 154 1644 vae
178 1581 209 1643 θ
233 1583 359 1663 duobus,
383 1584 477 1644 donec
501 1585 537 1644 ad
560 1587 664 1645 tertias
687 1593 909 1666 consumantur,
935 1594 1024 1665 atque
1047 1586 1117 1646 iude

101 1671 257 1732 dimidium
282 1671 420 1751 cyathum
443 1673 593 1753 frigidum,
619 1691 687 1734 cunr
711 1673 813 1734 dolore
836 1673 1002 1754 urgebitur,
1026 1673 1116 1735 bibat.

101 1758 300 1841 Vettonicam,
328 1769 478 1842 nepetam,
507 1760 641 1839 puleium
664 1760 780 1840 aequali
801 1779 941 1822 mensura
964 1780 1033 1822 cum
1056 1764 1170 1826 viulas

102 1845 133 1909 θ
162 1847 279 1910 duobus
307 1856 337 1908 et
365 1849 435 1909 salis
462 1849 570 1928 pusillo
600 1849 637 1909 ad
665 1849 815 1910 heminam
845 1849 996 1928 decoques
1026 1858 1115 1930 atque

62 1937 170 1997 scinde
198 1936 345 1998 laboranti
372 1939 450 1998 tussi
482 1947 512 1998 et
539 1936 691 1998 doloribus
724 1938 869 1998 stomachi
901 1938 1022 2018 cyathos
1056 1941 1115 1999 sm·

101 2026 185 2104 gulos
209 2027 323 2106 ieiuno,
346 2033 381 2086 ut
403 2044 457 2105 per
481 2025 615 2087 cocleare
638 2025 780 2105 paulatim
803 2026 956 2106 infundas,
984 2045 1039 2104 per
1061 2029 1114 2087 tri-

10 2129 11 2134 *
101 2115 194 2174 duum
217 2114 311 2177 dabis,

190 2202 222 2262 Si
241 2221 331 2282 quem
349 2204 441 2263 tussis
460 2201 654 2268 intolerabilis
672 2209 767 2284 vexat,
785 2201 822 2263 de
842 2201 904 2282 lupi
918 2204 1017 2263 iecore
1031 2203 1114 2264 arido
1133 2219 1167 2268 39

100 2291 146 2351 vel
165 2299 270 2351 exusto
290 2300 432 2370 quantum
450 2292 578 2352 voluerit
596 2299 731 2352 conterat
745 2290 912 2370 adiciatque
926 2293 1037 2372 vinum,
1055 2291 1114 2352 mel

62 2392 88 2434 ac
101 2387 132 2440 et
159 2397 265 2458 aquam
292 2379 423 2458 tepidam
451 2388 539 2459 atque
567 2379 636 2440 inde
664 2379 700 2439 ad
728 2379 807 2440 diem
833 2379 971 2460 cyathum
994 2383 1113 2442 ieiunus

100 2465 195 2548 bibat3
218 2470 297 2528 intra
319 2486 430 2548 paucos
454 2468 518 2528 dies
541 2469 617 2528 mire
640 2467 801 2530 sanabitur.
842 2467 964 2529 Inventa
988 2487 1059 2530 casu
1082 2472 1114 2530 in
1133 2481 1167 2529 40

100 2559 146 2616 via
169 2559 267 2634 portio
291 2557 328 2617 de
356 2556 456 2618 cribro
483 2559 591 2635 impari
617 2573 742 2616 numero
769 2557 946 2618 foraminum
970 2557 1044 2618 collo
1068 2560 1112 2618 in·

100 2644 189 2724 ligata
212 2647 289 2705 tussi
312 2653 343 2706 et
366 2647 495 2724 suspirio
519 2645 650 2705 remedio
674 2655 727 2706 est.

189 2733 234 2792 Ad
262 2741 376 2794 tussem
404 2735 526 2794 nimiam
550 2741 581 2794 et
603 2741 734 2794 veterem
758 2733 923 2794 remedium
947 2735 1004 2794 sic:
1041 2733 1116 2795 llar-
1135 2746 1169 2794 41

60 2837 87 2877 eo
100 2821 171 2882 rubi
198 2823 272 2882 sicci
294 2821 326 2883 Ρ.
345 2821 386 2882 Ill
408 2825 440 2882 in
464 2821 551 2883 ollam
575 2839 680 2882 novam
703 2821 824 2882 fictilem
847 2824 948 2882 mittes
971 2830 1002 2882 et
1024 2841 1117 2901 aquae

100 2911 238 2971 fontanae
266 2907 297 2970 So
317 2909 409 2970 XVIII
438 2917 468 2972 et
497 2911 647 2990 decoques
674 2910 711 2970 ad
739 2913 856 2992 tertias3
887 2910 994 2971 deinde
1021 2913 1117 2990 ipsam

101 3017 208 3077 aquam
237 2998 348 3059 colabis
377 3007 407 3059 et
435 3001 467 3060 in
496 2999 602 3059 rudem
632 2998 719 3059 ollam
747 2997 870 3060 alteram
898 3001 998 3060 mittes
1029 3008 1117 3078 atque

103 3087 194 3148 addes
217 3087 278 3148 illic
301 3086 397 3148 mellis
421 3089 528 3167 optimi
551 3084 582 3147 S*
602 3087 628 3168 l,
656 3088 768 3167 pIperis
795 3089 859 3148 triti
882 3089 1064 3148 semunciam
1088 3096 1118 3148 et

102 3177 213 3238 iterum
236 3177 273 3236 ad
296 3178 401 3236 tertias
425 3177 590 3256 decoques‚
619 3185 652 3238 ut
678 3177 808 3254 spissum
831 3175 895 3256 tiat3
922 3175 1029 3236 deinde
1053 3175 1116 3236 dili·

175 3383 319 3450 1capeat.
376 3386 409 3436 10
427 3379 593 3450 hyosciami.
646 3385 677 3434 11
698 3379 919 3448 dequoquuntur.
973 3385 1005 3434 ta
1020 3378 1118 3449 pisico.

102 3457 137 3506 24
156 3451 327 3520 adiciosque.

156 3549 323 3604 Manoxnnns,
337 3561 377 3591 nn.
391 3551 549 3592 Hnnusnxce.
925 3543 957 3591 ll
