2636 3790
505 75 744 139 ..75-

92 238 229 300 adsidue
258 236 361 298 inlitus
395 239 489 297 aciem
520 236 676 298 oculorum
704 237 828 316 caligine
861 246 1019 300 extenuata
1051 257 1120 300 con-

95 329 212 387 firmat.
243 326 425 387 Scarabaens
444 325 553 386 coloris
572 326 752 404 smaragdini
765 334 881 388 tantum
895 327 1033 389 beneficii
1047 341 1174 392 ocu-100

94 417 136 476 lis
169 423 321 495 praestare
350 415 473 495 dicitur,
501 422 534 476 nt
563 417 706 475 visionem
734 417 762 476 ei
784 410 985 476 acutissimam
1008 417 1120 497 reddat,

96 507 250 584 quicum
278 503 494 582 contemplatus
523 504 614 564 luerit
641 503 772 565 adsidue.
819 503 939 565 Cocleas
965 505 1116 566 Africanas
1125 517 1173 567 101

64 611 190 654 sveras
219 611 310 672 super
338 595 463 672 spissam
492 592 664 653 craticulam
692 593 851 672 dispositas
877 595 980 672 ponito
1004 601 1033 654 et
1056 612 1122 654 car-

95 683 198 742 bones
222 699 307 742 acres
330 680 453 742 adsidue
476 683 642 763 suggerito,
665 689 699 742 ut
722 681 885 760 aequaliter
908 681 1121 761 conburentur,

97 770 212 831 deinde
241 771 383 830 mortario
412 771 514 850 terito,
544 777 578 830 ut
605 771 814 830 tenuissimum
839 789 874 830 ex
897 769 945 830 his
968 769 1121 849 pulverem

96 860 209 938 facias,
237 858 409 938 adiectaque
433 857 528 918 mellis
552 857 643 919 Attici
666 857 761 938 cotyla
786 876 844 920 una
872 861 982 919 iterum
1006 858 1121 919 validis·

98 951 178 1008 sime
212 949 302 1008 terito
335 956 364 1008 et
396 947 586 1026 postmodum
618 949 648 1007 in
682 946 801 1008 vasculo
834 946 918 1008 fictili
949 966 1061 1027 repone
1092 955 1121 1008 et

57 1057 83 1096 ao
98 1041 187 1116 signa
208 1044 238 1096 et
257 1054 324 1096 cum
339 1035 428 1096 alicui
446 1035 560 1096 mederi
576 1035 664 1116 voles,
684 1035 806 1115 specillo
825 1035 893 1096 inde
913 1055 981 1097 eum
1001 1039 1120 1116 inunge,

97 1129 181 1186 intra
206 1143 317 1204 paucos
336 1124 400 1184 dies
418 1126 563 1204 integram
583 1127 676 1185 aciem
695 1128 759 1186 eius
778 1125 946 1204 claramque
965 1127 1115 1186 restitues.

98 1214 148 1274 Fit
170 1232 207 1273 ex
227 1215 326 1292 vipera
346 1212 502 1292 collyrium
521 1212 556 1273 ad
574 1213 714 1292 caligines
733 1213 889 1274 oculorum
908 1214 1173 1294 adaperiendastoc

98 1301 366 1381 discutiendasque
390 1302 558 1362 mirificum.
592 1301 841 1382 Comprehensam
865 1303 956 1382 igitur
979 1305 1120 1364 occisam·

99 1409 161 1470 que
187 1392 318 1469 viperam
337 1393 367 1450 in
386 1409 455 1452 vaso
475 1389 559 1451 fictili
577 1409 705 1470 repones
724 1409 847 1471 eamque
866 1391 926 1452 illic
945 1399 1119 1471 putrescere

60 1500 84 1539 rs
98 1481 270 1560 permittes,
293 1479 386 1540 donec
410 1497 446 1539 ex
470 1498 503 1539 ea
527 1479 682 1541 vermiculi
705 1487 878 1561 nascantur3
901 1479 957 1540 hos
980 1481 1071 1559 eliges
1090 1488 1121 1541 et

99 1577 243 1629 conteres
271 1575 300 1628 et
328 1568 438 1629 adicies
467 1567 514 1627 his
542 1570 622 1628 croci
650 1567 802 1647 paululum
841 1575 871 1628 et
898 1570 1007 1629 iterum
1040 1577 1119 1629 teres

99 1665 193 1736 atque
217 1655 286 1716 inde
306 1656 425 1736 collyria
445 1657 534 1716 iacies
554 1664 584 1716 et
603 1658 646 1716 sic
665 1674 734 1717 cum
753 1655 839 1716 melle
857 1656 955 1716 Attico
974 1665 1026 1716 aut
1044 1656 1120 1716 lacte

100 1745 242 1806 muliebri
274 1745 368 1806 oculis
396 1747 537 1826 inunges,
571 1744 650 1805 idem
678 1752 810 1823 praestat
838 1753 867 1805 et
895 1746 971 1804 cinis
1001 1746 1119 1823 viperae

101 1833 281 1915 conbustae,
309 1836 386 1895 sicut
415 1852 504 1913 supra
533 1835 678 1912 scriptum
707 1840 765 1914 est,
793 1833 845 1894 sed
874 1850 942 1893 cum
969 1832 1016 1893 his
1044 1851 1120 1912 quae

61 1924 150 1984 sohic
176 1923 289 1984 adiecta
314 1931 384 1984 sunt
406 1929 598 2002 temperatus.
639 1921 735 1982 Salem
760 1940 848 2000 quam
872 1921 1172 1984 candidissimumtos

101 2015 222 2073 ieiunus
251 2014 277 2072 si
304 2011 413 2072 cotidie
437 2013 615 2091 gustaveris,
644 2028 761 2070 omnem
785 2009 939 2070 oculorum
963 2009 1119 2089 caliginem

102 2104 161 2162 cito
191 2099 373 2161 extenuabis.
420 2099 472 2159 Fel
501 2101 636 2160 ursinum
665 2107 754 2178 atque
779 2099 910 2178 hyaenae
934 2116 1002 2159 cum
1028 2097 1173 2162 melletot

102 2192 216 2269 optimo
240 2190 365 2250 mixtum
390 2196 420 2249 et
442 2187 493 2248 diu
518 2189 697 2266 coagitatum
720 2187 862 2266 caligines
885 2189 996 2268 eximit,
1022 2189 1048 2248 si
1070 2186 1120 2248 ad·

103 2279 188 2340 sidue
216 2277 286 2338 inde
315 2277 394 2338 oculi
421 2275 630 2338 suffundantur
653 2285 705 2337 aut
728 2276 960 2355 superlinantur.
1005 2276 1114 2356 hdipes
1123 2289 1173 2338 105

66 2386 90 2426 s
103 2369 237 2428 omnium
260 2365 423 2427 fluvialium
447 2368 573 2445 piscium
594 2367 625 2426 in
645 2365 707 2426 sole
726 2365 901 2445 liquefactae
920 2365 1119 2444 adiunctoque

103 2455 189 2517 melle
213 2457 382 2516 inunctioni
405 2454 552 2515 adhibitae
576 2455 701 2514 mirifice
725 2453 819 2515 oculis
839 2453 1034 2532 caligantibus
1053 2473 1119 2534 pro-

104 2553 182 2606 sunt.
220 2543 337 2604 Herbac
362 2541 544 2603 chelidoniae
564 2561 678 2622 sucum,
697 2542 819 2604 feniculi
837 2561 943 2603 sucum
967 2543 1002 2604 ad
1028 2555 1173 2622 quar-106

103 2635 195 2694 tarios
225 2631 357 2710 singulos
386 2633 477 2692 misce
504 2649 572 2692 cum
595 2630 691 2691 mellis
719 2634 823 2711 optimi
851 2634 1010 2711 quartariis
1035 2638 1118 2710 quat·

103 2731 171 2782 tuor
192 2730 222 2781 et
243 2719 346 2780 oculos
367 2719 525 2798 gravedine
546 2727 576 2779 et
600 2719 783 2797 aspritudine
807 2719 975 2780 laborantes
999 2722 1118 2798 inunge,

68 2813 179 2870 eomire
211 2808 360 2888 proderit;
392 2807 443 2868 sed
472 2806 561 2868 simul
588 2810 686 2868 omnia
714 2808 847 2888 decoque
876 2811 907 2869 in
935 2827 1003 2868 vaso
1031 2826 1118 2868 aereo

104 2907 132 2960 et
160 2901 204 2959 sic
232 2899 399 2958 inunctioni
427 2914 554 2957 reserva.
599 2895 688 2974 Lapis
716 2897 831 2958 medius
854 2899 885 2957 in
909 2895 1009 2974 lupina
1032 2895 1172 2976 pelli-107

104 2987 169 3049 cula
202 2985 368 3064 subligatus
402 2985 476 3046 collo
509 2994 598 3064 atque
627 2986 667 3044 ita
695 2985 746 3046 diu
773 2993 922 3065 portatus,
955 2985 1007 3046 sed
1035 2987 1119 3064 prius

104 3075 243 3138 muliebri
269 3075 345 3135 lacte
373 3081 572 3153 pertractatus
601 3091 661 3133 non
685 3081 797 3135 tantum
822 3075 963 3152 caligines
986 3082 1119 3155 tenuare,

105 3183 207 3226 verum
223 3165 312 3224 etiam
326 3163 499 3244 ypochysim
514 3163 663 3224 discutere
678 3170 708 3222 et
722 3162 879 3225 obductam
895 3165 988 3223 aciem
1003 3165 1119 3241 aperire

72 3254 267 3316 sconsuevit.
306 3250 414 3332 Hygra,
438 3271 512 3332 quae
536 3251 659 3332 prodest
683 3251 764 3311 valde
788 3252 824 3312 ad
844 3252 999 3328 caliginem
1018 3250 1172 3310 datm-108

178 3449 191 3496 1
210 3443 244 3496 io
261 3440 409 3496 confirmat
426 3442 588 3499 vocobulum
606 3441 707 3496 decimi
726 3438 810 3494 eodem
827 3453 910 3506 utque
928 3437 965 3490 ad
984 3439 998 3499 ς
1016 3437 1074 3487 tet.
