2518 3806
526 152 561 160 -
612 113 676 180 358
722 150 765 158 -
1237 9 1240 198 l

1237 231 1240 268 l

83 277 217 340 108lacta
241 279 268 336 si
290 275 420 336 clarellis
439 274 584 358 alligetur,
604 277 678 336 mire
697 275 839 354 proderit.
873 273 977 335 Saliois
998 293 1161 337 ramorum
1239 271 1240 280 ’

137 368 302 445 primorum
325 365 371 425 vel
395 383 578 426 summorum
603 365 730 424 cortices
749 371 925 442 exuruntur,
949 381 1053 424 earum
1081 367 1160 426 cinis

137 473 206 516 cum
229 472 304 533 aqua
327 455 485 532 impositus
508 452 638 514 clarellis
661 452 817 512 confestim
844 452 988 512 medetur.

85 556 136 605 109
225 542 297 603 Beta
321 561 388 603 cum
412 541 499 603 melle
522 550 552 602 et
575 559 643 602 cum
665 541 724 601 ficu
744 541 825 602 arida
844 548 969 602 contusa
987 548 1083 620 atque
1106 545 1160 604 im·

137 634 232 711 posita
257 631 394 692 medetur
419 629 561 691 articulis
1182 651 1191 690 e
1239 687 1240 704 .

85 734 136 783 110
225 720 270 780 Ad
298 721 425 800 spinam,
454 737 529 798 quae
557 720 677 798 corpori
705 719 822 780 etiamsi
848 720 879 778 in
907 717 1058 796 profundo
1088 719 1160 780 hae·
1239 719 1240 802 l

138 811 220 891 serit,
244 807 425 868 avellendam
448 807 613 868 remedium
637 807 741 868 eilicax
760 809 816 868 sic:
839 805 957 866 Florem
976 807 1104 888 cineris,
1130 809 1159 869 id
1239 811 1240 852 ἲ

138 907 184 958 est
203 899 403 958 summitatem
423 895 545 977 favillae,
565 895 686 975 colliges
705 895 882 956 nitidissime
897 903 927 955 et
941 913 1008 956 cum
1024 900 1161 976 axungia

138 995 261 1047 contusa
284 985 423 1046 miscebis
447 993 535 1064 atque
559 985 594 1045 ad
618 983 730 1066 locum,
757 987 788 1044 in
817 1002 876 1063 quo
901 986 984 1062 spina
1011 983 1160 1066 haeserit,
1239 1007 1240 1066 y

136 1074 243 1134 leviter
266 1073 412 1155 alligabis3
435 1076 534 1134 statim
559 1082 609 1134 aut
633 1076 748 1152 spinam
771 1075 865 1152 ipsam
889 1072 1017 1133 extrahit
1039 1082 1095 1135 aut
1114 1077 1156 1136 ita
1171 1096 1193 1134 ro
1239 1071 1240 1130 l

137 1161 173 1221 ad
197 1163 397 1222 summitatem
421 1164 499 1222 cutis
523 1161 638 1241 educet,
662 1169 695 1222 ut
718 1160 803 1222 lacile
827 1163 922 1240 possit
945 1160 1038 1222 avelli.
1239 1169 1240 1178 ¹

535 1354 613 1416 dli).
638 1353 752 1416 XXXV.
783 1387 785 1392 ·

136 1468 327 1524 Nerrorum
354 1466 443 1522 vitiis
475 1479 515 1522 eo
542 1467 718 1523 doloribus
742 1467 900 1524 omnibus
923 1469 957 1524 et
980 1469 1156 1526 arthritidi
1239 1477 1240 1552 3

137 1569 176 1612 ao
193 1554 342 1626 paralysi
361 1558 395 1610 et
413 1555 590 1612 doloribus
604 1555 834 1612 medullarum
847 1557 997 1612 remedia
1010 1557 1156 1626 physica
1239 1555 1240 1636 l

264 1648 299 1700 et
320 1644 532 1700 rationabilis
554 1644 687 1700 diversa
708 1646 751 1699 de
775 1645 1024 1714 experimentis.

102 1792 115 1840 1
224 1778 329 1840 Nervis
357 1788 387 1840 ot
415 1779 565 1841 arthritidi
592 1780 683 1860 adeps
710 1779 859 1841 vulturina
888 1798 956 1840 cum
981 1780 1048 1842 felle
1074 1784 1153 1844 eius·
1239 1755 1240 1784 l

137 1869 205 1930 dem
229 1876 259 1929 et
282 1887 350 1929 cum
374 1870 499 1947 axungia
520 1877 619 1930 vetere
638 1887 672 1930 ac
691 1868 776 1930 melle
796 1868 978 1948 malagmatis
997 1887 1082 1930 more
1102 1873 1152 1932 ad-

101 1959 235 2036 aposita
263 1957 409 2017 medetur.
455 1955 619 2018 Nemorum
649 1957 734 2018 nodis
762 1959 868 2035 capitis
896 1959 1024 2036 viperini
1051 1964 1153 2022 exusti

138 2049 213 2107 cinis
237 2064 305 2106 cum
328 2045 392 2105 oleo
417 2048 538 2124 cyprino
563 2045 716 2124 adpositus
740 2045 900 2124 plurimum
924 2046 1055 2124 prodest.
1166 2070 1188 2111 ιε
1239 2121 1240 2128 y

102 2147 118 2194 3
227 2133 375 2194 Tremulis
395 2141 425 2194 et
443 2133 552 2212 quibus
570 2137 654 2194 nervi
672 2135 783 2194 intirmi
802 2141 873 2194 sunt
891 2134 964 2194 utile
983 2143 1029 2195 est
1047 2135 1152 2198 holera
1239 2141 1240 2162 .

137 2241 204 2284 cum
234 2241 309 2302 aqua
337 2223 540 2283 tantummodo
568 2223 689 2283 decocta
718 2241 786 2283 cum
813 2241 889 2302 pane
917 2223 1097 2284 manducare
1121 2235 1152 2286 et

138 2310 203 2372 oleo
227 2313 376 2370 castorino
400 2313 431 2370 in
454 2309 558 2371 balneo
582 2310 705 2372 adsidue
728 2313 864 2390 perungi.

101 2411 118 2458 4
226 2398 337 2461 Ranam
366 2399 501 2460 rubetam
530 2407 559 2460 et
588 2399 682 2478 adipis
710 2401 830 2460 ursinae
858 2433 902 2443 ——
925 2399 965 2460 lll
995 2419 1063 2460 cum
1092 2400 1150 2462 olei

136 2489 246 2548 veteris
275 2489 411 2548 sextariis
439 2487 536 2548 tribus
564 2489 595 2548 in
618 2488 675 2548 olla
698 2488 765 2548 rudi
788 2487 824 2548 ad
847 2488 958 2549 medias
982 2489 1149 2572 decoquito,
1163 2513 1187 2553 eo

136 2575 243 2635 deinde
267 2575 375 2656 colat03
398 2576 472 2636 haec
496 2581 598 2638 unctio
622 2577 793 2656 frequenter
816 2576 946 2638 adhibita
969 2595 1030 2638 non
1053 2579 1148 2640 solum

85 2675 87 2678 ’
136 2681 244 2724 nervos
268 2665 432 2743 confirmat,
456 2665 508 2724 sed
532 2674 563 2725 et
584 2665 733 2744 paralysin
756 2664 873 2744 repellit
898 2674 927 2726 et
949 2669 1094 2744 reprimit.

101 2764 116 2813 5
225 2750 366 2830 Malagma
386 2754 475 2812 etiam
494 2753 530 2812 ad
549 2753 709 2832 podagram
728 2765 758 2814 et
772 2754 921 2814 arthritim
935 2761 965 2814 et
980 2754 1015 2814 ad
1030 2773 1146 2816 omnem

136 2839 269 2901 dolorem
298 2849 328 2899 et
355 2841 521 2900 tensionem
545 2860 703 2902 nervorum
728 2844 783 2902 sic:
817 2843 1023 2904 Ammoniacae
1047 2851 1145 2923 guttae

136 2927 166 2990 P.
186 2927 213 3010 1,
237 2946 322 2988 cerae
346 2927 376 2988 P.
396 2927 422 3008 l,
446 2931 589 3007 axungiae
612 2932 721 2991 veteris
745 2930 775 2991 P.
797 2930 826 3011 S,
850 2929 907 2991 olei
930 2934 1039 2992 veteris
1063 2932 1094 2994 P.
1112 2931 1145 3014 ΙΙ,
1159 2954 1183 2994 25

136 3017 193 3078 olei
221 3017 336 3078 cedrini
358 3016 390 3078 P.
409 3017 434 3098 l,
463 3020 577 3078 rosacei
605 3026 656 3078 aut
678 3021 749 3080 irini
772 3019 830 3080 olei
852 3018 883 3079 P.
904 3018 929 3099 1,
960 3023 1041 3082 croci
1063 3020 1145 3102 -Ι,

135 3107 214 3166 Assii
241 3104 347 3184 lapidis
376 3139 417 3148 -
442 3106 468 3188 1,
498 3125 612 3186 myrrae
642 3140 681 3150 —
707 3108 733 3188 1,
762 3108 928 3186 aphronitri
956 3111 1145 3171 semunciam.

135 3193 168 3254 ln
191 3194 298 3272 patella
321 3213 395 3256 nova
419 3195 551 3275 liquefiat
575 3198 699 3275 axungia
724 3204 754 3256 et
777 3215 845 3256 cera
868 3215 937 3257 cum
961 3196 1025 3258 oleo
1048 3206 1143 3259 vetere

226 3405 239 3452 1
260 3398 366 3472 salicis]
387 3401 422 3468 ef.
437 3401 512 3456 Plio.
527 3418 555 3456 rr.
569 3403 595 3456 h.
610 3406 659 3469 24,
676 3407 718 3456 56.
828 3407 861 3454 12
880 3399 967 3470 adeps
988 3401 1142 3458 vulturinus

129 3465 211 3522 Plio.
284 3475 318 3524 26
337 3471 414 3542 irini]
434 3471 542 3540 cyprini
560 3471 684 3528 Scribere.
