2636 3790
567 137 609 146 ,..
658 101 789 164 24-

174 263 307 344 quidam,
331 282 399 323 cum
423 261 579 324 oculorum
601 262 819 324 lacrimantium
843 271 977 323 reumate
1001 282 1104 324 carere
1128 283 1189 325 non

172 360 288 432 posset,
318 352 482 431 productus
511 351 556 412 est
587 353 619 411 in
649 351 779 412 medinm
814 358 992 412 conventum
1026 351 1188 414 multorum

173 443 372 519 spectantium
391 441 583 501 medicorum.
618 439 675 509 Qui
694 459 762 501 oum
781 442 934 519 inspectus
953 440 989 500 ab
1008 440 1054 501 his
1074 441 1189 523 luisset,

174 529 315 590 dixerunt
343 531 371 589 ei
392 529 549 609 palpebras
571 528 664 589 incidi
691 528 813 609 debere,
841 528 976 589 comburi
1004 531 1094 590 etiam
1117 533 1188 590 emi-

174 619 308 678 craninm
332 625 362 677 et
384 637 452 678 raso
476 619 571 696 capite
595 635 684 677 venas
708 620 812 697 secari,
836 617 915 697 quod
937 617 1042 678 Graeci
1065 621 1216 679 artorio-s

173 707 286 766 tomein
305 706 421 788 dicunt,
440 707 544 785 inponi
563 707 651 765 etiarn
670 706 822 787 escharas,
842 714 872 766 et
890 723 959 767 cum
977 709 1035 767 iarn
1051 706 1188 768 omnibus

173 794 247 855 locis
275 795 461 856 debilitatum
489 802 519 855 et
548 795 744 856 cauteriatum
775 803 864 874 caput
896 795 1020 856 haberet
1054 795 1187 875 nihilque

174 885 201 944 ei
225 891 381 965 tormenta,
403 901 478 964 qnae
498 883 646 944 desiderio
666 885 799 944 sanitatis
817 886 965 962 patienter
983 883 1101 964 tulerat,
1120 901 1188 963 pro-

174 971 309 1052 fuissent,
333 971 460 1034 deflebat
483 972 621 1033 omnibus
644 971 849 1033 infelicitatem
873 991 965 1033 suam.
997 971 1031 1032 ln
1050 972 1188 1033 ultimum
1275 1039 1279 1054 Ι

173 1059 247 1120 haec
266 1060 302 1120 ab
322 1063 449 1139 egregiis
468 1061 593 1121 medicis
608 1063 727 1122 inventa
741 1063 856 1122 curatio
871 1069 925 1141 est,
945 1068 978 1121 ut
996 1080 1065 1122 cum
1084 1061 1188 1122 dexter
1203 1077 1230 1117 ιο
1280 1113 1281 1124 ,

174 1147 278 1208 oculus
306 1148 456 1209 lacrimam
483 1149 636 1230 funderet,
662 1168 735 1210 vena
764 1151 791 1210 ei
819 1150 917 1210 dextri
939 1149 1054 1211 brachii
1076 1150 1188 1210 laxare·
1280 1187 1281 1220 ᾗ

173 1243 237 1296 tur:
257 1255 326 1296 cum
345 1239 474 1318 sinister,
494 1237 631 1297 similiter
650 1239 681 1297 in
696 1240 818 1298 sinistro
833 1238 955 1298 brachio
970 1239 1063 1299 lieret.
1101 1238 1188 1309 Quod

174 1343 243 1385 oum
266 1327 328 1404 pati
351 1327 499 1404 coepisset
522 1326 667 1405 infirmus,
691 1325 766 1386 flens
788 1333 818 1386 et
836 1344 958 1404 gemens
977 1325 1049 1388 illud
1069 1327 1188 1387 Catonis

175 1431 262 1491 saepe
287 1413 416 1475 dicebat:
454 1413 593 1494 Corporis
617 1413 759 1474 auxilium
782 1415 897 1475 medico
924 1417 1075 1476 committe
1098 1414 1188 1475 fideli.

138 1511 155 1560 9
174 1500 237 1580 Ego
266 1509 364 1562 autem
388 1503 468 1563 dico:
496 1510 526 1564 et
548 1505 653 1581 perito.
691 1502 798 1564 Restiti
821 1505 912 1581 igitur
934 1504 981 1564 his
1005 1522 1060 1564 nec
1084 1522 1188 1564 venam
1204 1518 1231 1560 15

174 1590 266 1650 laxari
289 1593 412 1669 permisi
435 1609 601 1670 magnoque
626 1591 743 1652 silentio
767 1591 844 1653 lacto
863 1601 1001 1653 auctores
1019 1600 1138 1653 nostros
1157 1594 1189 1652 in

173 1678 306 1739 medium
328 1679 441 1758 protuli
464 1699 498 1741 ac
522 1681 645 1740 recitavi
668 1680 788 1759 dixique
812 1681 849 1740 ad
873 1699 938 1742 eos:
976 1680 1007 1741 Si
1031 1699 1067 1741 ex
1091 1679 1189 1741 multi-

175 1767 249 1827 fario
273 1775 490 1829 tormentorum
519 1787 628 1848 genere
656 1769 843 1829 miserandus
867 1770 923 1829 iste
947 1769 992 1829 vel
1015 1787 1104 1830 unam
1128 1787 1188 1829 me·

174 1855 280 1916 dellam
304 1856 410 1918 luisset
429 1857 564 1938 adeptus,
588 1859 694 1917 merito
719 1874 770 1917 vos
789 1863 956 1939 pateretur;
979 1857 1031 1918 sed
1051 1875 1119 1918 cum
1138 1876 1188 1918 ne-

175 1962 233 2024 que
257 1946 391 2006 inunctio
416 1965 513 2024 neque
537 1948 765 2025 incisiosneque
789 1945 946 2006 conbustio
965 1946 1189 2006 inundationem
1203 1961 1231 2002 so

174 2032 362 2094 lacrimarum
390 2037 554 2114 reprimere
582 2036 726 2116 potuerit,
755 2052 809 2094 cur
836 2034 955 2094 indocte
984 2053 1072 2095 venas
1097 2037 1125 2094 ei
1149 2034 1189 2095 la-

174 2124 238 2182 xari
261 2125 464 2201 praecepistis,
489 2142 558 2183 cum
578 2123 627 2183 hic
650 2125 708 2182 iam
732 2124 913 2183 semianimis
932 2124 1076 2183 visionem
1095 2125 1190 2203 ipsam

175 2210 248 2270 lerri
268 2207 499 2288 perhorrescat?
535 2211 618 2272 Unde
642 2211 757 2271 reddite
781 2210 866 2286 mihi,
890 2213 1102 2290 sapientissimi
1124 2214 1190 2294 viri,
1282 2263 1283 2276 2

174 2297 336 2359 hodiernae
361 2317 464 2358 causas
489 2301 660 2380 curationis,
684 2318 738 2360 cur
762 2299 853 2360 inerit
874 2299 1004 2380 desuper
1022 2300 1126 2361 oculus
1145 2303 1189 2360 in-

175 2387 270 2465 cisus,
303 2405 357 2446 cur
388 2405 489 2446 rasum
522 2396 623 2469 capnt,
656 2406 711 2448 cur
738 2387 870 2449 meacula
901 2396 1006 2450 exusta
1037 2407 1188 2450 venarum.
1203 2404 1230 2445 rs

174 2473 289 2534 Meatns
317 2477 396 2535 enim
424 2477 562 2554 inrigatio
591 2479 616 2536 si
644 2478 760 2537 venerit
787 2476 823 2537 ad
852 2495 887 2538 ea
914 2477 992 2558 loca,
1019 2479 1052 2537 in
1080 2477 1189 2556 quihus

174 2561 303 2623 habebat
327 2564 548 2642 receptaculum
568 2564 752 2627 collectionis
772 2584 852 2645 suae,
872 2584 930 2645 quo
949 2568 1063 2646 impetu
1083 2567 1188 2626 exinde

175 2651 374 2713 descendebat
393 2653 546 2734 deorsum,
572 2672 732 2716 recurrens
755 2673 862 2715 rursus
881 2655 918 2715 ad
937 2655 1047 2714 iontem
1072 2654 1190 2715 cerebri

174 2739 276 2819 ibique
300 2749 525 2822 coangustatuS‚
549 2761 617 2804 cum
641 2744 756 2803 fervere
777 2745 923 2823 coeperit,
948 2743 1112 2804 verendum
1135 2752 1189 2825 est,

175 2846 213 2889 ne
236 2830 391 2908 perforans
415 2839 515 2892 cutem
538 2850 572 2892 ac
593 2831 777 2910 pertundens
801 2839 913 2892 cratem
937 2833 1042 2911 capitis
1065 2840 1189 2911 generet
1203 2849 1229 2888 eo

246 3035 474 3107 demigroninm.
526 3045 541 3092 o
561 3037 772 3094 arteriotomein
790 3037 959 3106 Stephanus:
978 3035 1188 3093 arteriotomon.

176 3112 296 3161 deseos.
356 3108 497 3180 omnibus]
517 3109 651 3164 aeonibus
721 3108 923 3163 'Iesuteritnm
944 3113 999 3163 1m.
1055 3113 1087 3161 11
1107 3109 1189 3164 leeri-

175 3193 260 3232 mum.
335 3183 368 3232 14
387 3178 524 3234 auxilium
542 3180 712 3250 Stephanus:
731 3180 839 3250 exigue.
910 3184 943 3233 18
961 3178 1113 3233 medellam
1132 3186 1190 3249 lm,

174 3265 250 3303 nnnc
268 3249 385 3304 alterum
402 3250 413 3303 l
431 3267 547 3306 mosum.
635 3257 776 3320 teneque
795 3250 959 3306 inunctione
978 3267 1010 3318 q3
1029 3250 1128 3319 (delet.)
1147 3251 1189 3306 in-

174 3318 313 3388 cisiondq3
342 3320 497 3377 conbustio.
588 3327 621 3376 22
650 3322 786 3377 visionem
813 3326 861 3377 lm
888 3319 1053 3376 incisionem
1081 3327 1133 3376 2m
1158 3324 1190 3377 in

173 3407 282 3446 resero.
414 3397 449 3446 23
477 3392 697 3462 perhorrescant.
829 3397 862 3447 28
890 3409 999 3448 rursum
1029 3391 1189 3449 Carnarius.

175 3465 209 3516 29
229 3464 454 3532 oonangustatus.
537 3469 571 3519 30
590 3480 701 3535 genere.
