2528 3814
517 157 760 220 -342—

133 328 250 380 mentae
274 321 340 380 suci
363 319 466 380 viridis
491 311 530 405 2·
550 318 599 400 vt,
629 319 840 398 staphisagriae
865 310 975 404 givl,
1003 319 1057 377 iris
1082 316 1150 398 llly-

132 410 213 468 ricae
233 400 273 494 2
293 406 338 489 vt,
362 407 500 468 aluminis
520 409 606 469 scissi
625 400 664 494 ,β
684 406 729 486 Vl,
752 425 869 486 myrrae
890 398 929 492 2·
951 405 1000 485 lll‚
1024 408 1150 468 seminis

132 496 242 558 herbae
266 496 492 577 symphoniacae
516 498 611 557 siccae
632 489 671 582 y«
690 495 738 556 lll.
769 495 849 556 llaec
868 497 967 555 omnia
986 498 1149 574 separatim

132 587 203 646 trita
232 585 320 646 simul
348 585 488 647 miscebis
517 593 546 646 et
573 587 683 646 iterum
712 584 801 645 simul
823 592 916 665 teres3
944 583 1013 644 inde
1038 585 1149 664 empla-

132 681 228 736 strum
252 675 343 735 laoies
367 675 412 734 vel
437 677 592 754 pittacium
622 681 651 734 et
679 691 772 752 pones
799 674 831 734 in
855 673 953 733 dextri
975 673 1061 752 pedis
1084 673 1174 754 pol-s

131 763 197 845 lice,
221 782 288 825 cum
312 765 356 824 uti
375 762 504 824 volueris
524 781 641 842 venere,
666 770 695 822 et
719 779 787 822 cum
808 779 926 822 cessare
946 761 1086 844 volueris,
1111 763 1148 823 ad

132 854 247 913 sinistri
271 852 355 932 pedis
379 851 515 932 pollicem
540 852 712 912 transferes.

95 954 111 1002 9
220 940 263 1001 Ad
293 943 440 1020 cepariam
469 943 615 1002 satureiae
644 943 739 1000 siccae
767 938 872 999 liorem
900 939 1004 1018 collige
1028 947 1058 1000 et
1081 939 1146 1020 pul-

130 1048 230 1090 verem
255 1030 324 1090 inde
350 1031 438 1091 laeito
461 1038 491 1090 et
509 1029 673 1090 melilotnm
693 1027 834 1088 combure
854 1036 884 1088 et
903 1028 1056 1106 pulverem
1075 1029 1145 1090 inde

131 1119 233 1199 lacito;
257 1118 394 1179 similiter
417 1118 454 1178 de
478 1119 609 1198 cydonea
634 1119 714 1178 sicco
738 1115 903 1196 combusto,
926 1119 1015 1177 etiam
1038 1117 1075 1177 de
1100 1136 1144 1198 eo,
1159 1136 1184 1175 10

131 1210 183 1285 qui
210 1209 241 1266 in
269 1206 374 1266 arbore
403 1207 479 1268 solet
507 1209 605 1267 siccus
633 1223 801 1285 remanere,
825 1205 978 1284 pulverem
1002 1206 1091 1266 lecito
1116 1216 1158 1268 et.

131 1293 253 1355 cribello
277 1294 445 1354 medicinali
469 1313 587 1354 omnem
611 1295 763 1374 pulverem
787 1313 876 1354 cerne
898 1303 928 1354 et
945 1296 1093 1374 permisce
1114 1303 1144 1355 et

131 1401 200 1442 eum
224 1384 291 1442 vino
315 1391 415 1444 vetere
439 1382 580 1444 calefacto
604 1383 703 1444 locum
726 1381 832 1464 inlice,
856 1385 945 1444 etiam
967 1382 1059 1444 linteo
1081 1382 1142 1444 illic

130 1471 265 1551 adposito
290 1481 370 1552 tege,
395 1474 436 1532 ita
459 1479 567 1553 tamen,
591 1481 625 1534 ut
648 1472 722 1533 duae
747 1479 847 1550 partes
870 1473 930 1532 sint
953 1471 990 1532 de
1014 1474 1144 1532 satureia

130 1569 160 1621 et
188 1560 319 1640 singulae
348 1561 384 1622 de
411 1561 542 1622 meliloto
572 1569 602 1622 et
630 1561 776 1641 cydone03
805 1561 857 1621 sed
886 1562 1024 1640 quotiens
1050 1561 1183 1622 medi-15

130 1668 234 1710 caman
257 1667 360 1731 pones,
384 1652 451 1710 vino
475 1659 576 1710 vetere
600 1649 694 1711 calido
718 1651 802 1727 prius
825 1649 924 1710 locum
948 1650 1023 1710 elue.

78 1748 111 1797 10
218 1738 347 1818 Myrram
361 1741 392 1799 in
406 1738 560 1818 pulverem
575 1738 818 1799 delicatissimum
833 1739 935 1817 redige
950 1739 1029 1798 etad
1044 1738 1144 1799 locum

130 1828 264 1907 cepariae
288 1827 411 1888 adsidue
435 1846 503 1888 cum
527 1829 595 1887 vino
618 1835 718 1887 vetere
742 1845 832 1906 pone,
856 1829 931 1887 mire
955 1827 1144 1888 remediabis.

78 1927 109 1975 11
219 1915 263 1976 dd
292 1917 437 1977 infantum
466 1915 620 1977 testiculos
647 1917 771 1976 vitiosos
799 1915 845 1975 vel
873 1923 1023 1976 tumentes
1047 1935 1144 1976 reme-

130 2004 211 2064 dium
236 2004 340 2064 efficax
363 2007 420 2065 sic:
444 2005 597 2085 bruneam,
621 2022 696 2083 quae
719 2022 773 2082 per
796 2003 878 2065 filum
903 2023 990 2065 suum
1010 2022 1042 2064 se
1063 2023 1142 2065 sum·
1157 2021 1182 2061 ao

128 2095 230 2174 mittit,
245 2093 361 2172 quando
378 2111 497 2154 sursum
511 2111 616 2154 versus
631 2095 735 2172 currit,
750 2111 820 2173 rape
835 2101 865 2154 et
880 2111 947 2154 cum
963 2111 1038 2171 aqua
1049 2093 1144 2154 calida

128 2183 229 2243 tritam
253 2184 395 2242 continuo
420 2181 456 2241 da
479 2181 583 2242 inlanti
606 2181 772 2242 bibendam.

77 2281 109 2330 12
217 2270 261 2330 Ad
290 2269 500 2331 abundantiam
533 2272 654 2330 seminis
684 2269 915 2349 praeparandam
944 2287 1063 2330 erucam
1093 2271 1143 2332 de·

129 2365 243 2420 coctam
266 2357 357 2440 bibat,
381 2360 520 2438 quotiens
543 2361 671 2437 quisque
694 2360 794 2436 inopia
813 2360 935 2419 seminis
955 2377 987 2418 se
1006 2357 1143 2420 laborare

128 2449 322 2528 perspexerit,
346 2447 392 2508 vel
415 2449 516 2527 potius
539 2447 662 2508 adsidue
685 2449 832 2508 incoctam
855 2447 1021 2509 manducet.
1156 2464 1183 2504 as

76 2547 109 2596 13
218 2528 261 2596 Ad
281 2537 392 2596 veretri
411 2555 513 2597 curam
532 2537 784 2616 auripigmentum
803 2543 833 2596 et
852 2535 935 2595 aloen
951 2538 1054 2615 aequis
1068 2555 1142 2616 pon·

128 2623 251 2685 deribus
274 2626 379 2685 tritum
398 2632 427 2685 et
445 2627 476 2685 in
494 2624 647 2704 pulverem
666 2625 820 2685 redactum
839 2623 978 2684 miscebis
997 2632 1028 2685 et
1045 2627 1142 2686 uteris

130 2731 198 2774 cum
222 2714 290 2772 vino
317 2721 415 2773 vetere
439 2715 488 2790 ita,
512 2722 546 2774 ut
568 2716 652 2792 prius
676 2721 826 2774 veretrum
850 2714 918 2772 vino
937 2720 1038 2774 vetere
1060 2713 1142 2774 eluas

77 2813 110 2863 14
131 2811 160 2864 et
180 2803 223 2862 sic
242 2800 436 2861 medicamine
455 2819 644 2880 consperges.
676 2801 720 2861 Ad
740 2803 849 2862 veretri
869 2800 1000 2862 dolorem
1019 2820 1142 2862 caseum

129 2893 284 2969 caprinum
308 2896 337 2948 et
360 2889 419 2949 mel
441 2891 506 2968 pari
528 2890 661 2968 pondere
685 2892 716 2950 in
738 2889 867 2970 pultario
890 2890 974 2950 fictili
993 2909 1088 2970 coque
1110 2899 1142 2952 et
1156 2906 1181 2945 eo

128 2977 175 3039 bis
205 2978 240 3039 ad
270 2978 348 3039 diem
379 2979 511 3060 impone,
545 2979 597 3039 sed
628 2985 695 3039 ante
723 2980 791 3038 vino
819 2987 919 3040 vetere
948 2979 1059 3059 locum,
1089 2981 1143 3058 qui

76 3080 108 3131 15
129 3067 280 3130 curandus
304 3074 364 3147 est,
388 3065 477 3128 eluas.
519 3066 599 3127 Folia
621 3069 710 3147 myrti
733 3070 852 3128 ieiunus
876 3068 1086 3128 commanduea
1110 3075 1143 3128 et

127 3161 158 3217 in
182 3157 283 3219 ulcera
306 3159 416 3217 veretri
439 3174 543 3237 expuo,
568 3158 667 3216 statim
690 3155 831 3234 proderit.

75 3257 107 3308 16
215 3245 259 3306 Ad
285 3254 418 3306 tumores
442 3253 472 3306 et
495 3244 612 3305 dolores
636 3243 841 3306 testiculorum
866 3244 998 3305 brassica
1020 3246 1139 3305 incocta

126 3352 194 3395 enm
214 3333 274 3394 sale
293 3337 363 3394 trita
381 3335 578 3420 impositaque
597 3332 740 3414 prodesse
759 3333 944 3414 adfirmatum
968 3335 1137 3411 pastinacae
1152 3347 1176 3388 as

216 3525 251 3573 34
270 3520 405 3591 brassica]
425 3521 459 3589 ef.
477 3520 553 3576 Plio.
569 3483 636 3577 rub.
651 3525 695 3589 20,
710 3525 751 3575 89,
