2564 3794
511 133 747 197 -165—

125 295 208 354 adice
232 296 263 354 in
287 293 374 353 ollam
399 292 494 354 mellis
517 295 622 372 optimi
645 296 807 356 sextarium
831 304 860 356 et
882 304 985 375 postea
1004 295 1136 375 decoque

124 383 161 443 ad
181 382 410 443 crassitudinem
428 381 537 462 mellis;
556 401 591 442 ex
611 399 646 442 eo
668 385 762 445 uteris
776 385 894 444 ieiunus
909 384 1031 445 cottidie
1050 384 1137 464 plena

123 471 214 550 ligula
247 471 282 531 ad
312 472 465 548 sauguinis
492 473 686 532 reiectionem
714 471 873 534 sedandam
905 481 935 532 et
963 472 1000 532 ad
1030 481 1137 534 stoma·

124 559 215 620 chum
234 559 477 620 confirmandum.
507 559 652 639 Butyrum
666 559 793 621 nitidum
809 568 839 621 et
852 561 1026 622 tantundem
1040 561 1136 622 mellis
1156 571 1189 620 to

95 667 108 708 s
124 650 230 727 optimi
245 649 411 727 despumati
428 649 557 730 coquito,
573 648 667 709 donec
682 649 764 710 color
777 649 864 710 rulus
878 652 925 730 sit,
941 651 1016 710 etin
1030 650 1137 728 pyxide

124 755 233 798 cornea
259 736 389 797 reconde
417 743 506 815 atque
533 737 602 798 inde
625 755 713 798 mane
735 739 835 798 ieiuno
860 738 975 817 singula
998 737 1135 798 docliaria

125 825 203 904 dato,
227 827 278 903 qui
300 824 449 904 pulmonis
473 825 635 886 exulcerati
657 827 728 886 vitio
751 826 876 888 letidum
899 826 960 886 olet
980 826 1026 886 vel
1044 844 1136 904 puru-

124 912 238 974 lentum
261 921 292 974 et
315 913 439 974 letidum
463 921 591 974 excreat.
626 914 777 993 Axungiae
802 915 904 976 suillae
928 922 1061 976 vetustae
1080 931 1134 976 un·
1156 923 1188 971 τι

19 1019 20 1042 ¹
124 1004 186 1062 ciae
215 1009 277 1062 tres
305 1020 342 1062 ex
370 1003 430 1062 vini
457 1003 651 1062 vetustissimi
678 1003 774 1082 cotyla
801 1021 860 1064 una
889 1003 1028 1064 decoctae
1052 1005 1136 1082 potui

19 1083 20 1090 '
84 1109 110 1148 ιο
124 1090 261 1168 pthisicis
285 1090 369 1152 datae
392 1097 530 1169 potenter
553 1091 762 1152 remediantur.
800 1091 908 1152 dnethi
931 1093 1004 1154 sicci
1027 1094 1136 1152 veteris
1151 1099 1188 1148 dt

124 1179 277 1257 pulverem
305 1186 335 1238 et
362 1181 478 1240 resinae
504 1181 635 1257 pituinae
659 1179 811 1258 pulverem
835 1199 904 1241 cum
927 1181 1013 1260 adipe
1037 1188 1136 1241 vetere

124 1269 263 1328 anserino
287 1275 338 1328 aut
361 1267 521 1345 gallinaceo
541 1268 689 1330 edendum
710 1287 795 1330 mane
814 1271 914 1330 ieiuno
934 1270 1068 1348 empyico
1087 1288 1135 1330 co·

125 1355 225 1416 cliaria
253 1357 310 1416 tria
338 1363 369 1416 et
397 1373 519 1434 vespere
547 1357 722 1418 tantundem
745 1357 842 1438 dabis,
868 1360 943 1420 mire
967 1356 1134 1418 stibrenies.

124 1444 167 1504 ld
196 1462 262 1524 ece,
290 1446 341 1522 qui
369 1446 543 1522 sanguinem
571 1455 724 1526 excreant,
752 1447 918 1506 remedium
946 1446 1050 1507 efficax
1079 1448 1135 1506 sic:
1155 1452 1188 1502 ⁷3

85 1549 110 1590 15
125 1531 214 1593 Turis
243 1531 367 1594 masculi
394 1532 551 1610 diligenter
579 1536 643 1594 triti
670 1530 751 1611 drafg.
775 1533 814 1614 ll,
843 1536 1020 1594 ammoniaci
1047 1552 1136 1594 unam

124 1639 194 1682 cum
217 1623 294 1682 aceti
315 1620 434 1681 hemina
457 1621 547 1681 simul
569 1621 816 1703 contemperahis‚
839 1625 881 1683 ita
899 1630 934 1683 ut
952 1620 1015 1683 bibi
1033 1623 1137 1702 possit,

125 1719 154 1769 et
177 1708 323 1771 laboranti
345 1711 446 1770 ieiuno
469 1712 652 1789 aemoptyico
676 1710 768 1772 dabis.

214 1797 246 1858 Si
257 1799 323 1876 quis
338 1797 532 1877 purulentum
546 1799 645 1877 tussit,
659 1815 747 1858 ovtrm
762 1797 888 1858 crudum
903 1815 971 1860 cum
980 1799 1046 1877 pari
1054 1815 1135 1866 men·
1156 1805 1190 1854 74

125 1904 194 1947 sura
219 1889 284 1946 suci
306 1887 343 1947 de
365 1904 456 1967 porro
480 1888 592 1946 sectivo
616 1889 750 1964 expressi
773 1887 1009 1965 tantundemque
1032 1887 1137 1964 optimi

84 1991 110 2031 ao
124 1975 220 2035 mellis
243 1977 383 2053 permixti
406 1974 581 2036 calefactum
604 1975 723 2036 ieiunus
746 1975 874 2036 sorbeat
910 1974 953 2034 Ad
975 1977 1136 2035 excreatio·
1156 1981 1189 2031 '15

124 2082 192 2124 nem
216 2071 370 2124 cruentam
392 2063 557 2123 remedium
581 2064 638 2124 sic:
662 2063 784 2125 Cocleae
806 2062 929 2123 elixatae
949 2070 1088 2124 teruntur
1107 2073 1138 2122 et

124 2171 159 2212 ex
183 2171 260 2231 aqua
279 2151 372 2212 calida
391 2151 427 2212 ab
447 2153 547 2212 ieiuno
566 2151 711 2214 bibuntur
729 2169 846 2213 necnon
865 2151 901 2212 ad
920 2152 999 2212 idem
1019 2151 1135 2211 cocleae

122 2241 232 2300 inlotae
256 2259 292 2300 ex
315 2258 391 2319 aqua
409 2241 523 2300 marina
543 2249 713 2319 coquuntur
733 2251 763 2302 et
781 2241 970 2302 devorantur.
1003 2239 1136 2301 Tussicis
1155 2247 1189 2297 ‘to

123 2337 153 2389 et
176 2330 320 2408 emppicis
343 2328 466 2408 prodest
489 2347 573 2410 aqua,
596 2331 627 2389 in
646 2349 704 2408 qua
723 2331 854 2409 cydonea
876 2328 952 2389 mala
971 2338 1055 2390 cocta
1074 2330 1136 2389 iue-

82 2433 108 2474 as
122 2419 193 2497 rint,
212 2417 334 2478 adsidue
353 2419 521 2498 propinata3
540 2419 604 2496 ipsa
623 2420 712 2478 etiam
731 2421 758 2480 si
776 2421 892 2479 incocta
910 2417 1136 2498 manducentur,

122 2508 232 2567 iuvant.
270 2505 414 2584 Slongeae
437 2505 593 2568 Africanae
617 2515 738 2572 extistae
766 2508 842 2567 cinis
865 2524 934 2567 cum
957 2523 1030 2568 suco
1053 2508 1137 2585 porri
1156 2511 1189 2562 it

123 2597 227 2656 sectivi
249 2595 374 2656 haustus
398 2596 549 2674 empyicos
572 2603 664 2656 sanat.
709 2595 814 2657 Ralani
836 2597 915 2656 cocti
938 2594 1005 2658 cibo
1025 2596 1136 2672 sumpti
1155 2599 1189 2650 ‘18

123 2683 365 2762 sanguinulentae
398 2685 602 2744 excreationes
634 2683 772 2745 celeriter
805 2684 971 2744 emendant.
1021 2683 1136 2743 Gumen
1155 2689 1188 2739 ‘19

123 2774 267 2850 optimum
290 2773 321 2832 in
345 2789 397 2832 ore
422 2770 553 2832 solutum
581 2779 611 2832 et
638 2772 829 2850 degluttitum
855 2789 970 2832 summo
994 2773 1137 2851 empyicis

82 2875 108 2916 to
122 2860 255 2921 remedio
279 2869 333 2921 est.
369 2859 534 2940 Ruborum,
557 2862 588 2920 in
612 2860 721 2939 quibus
743 2879 827 2922 mora
850 2869 1023 2941 nascuntur,
1047 2859 1135 2921 cauli·
1155 2865 1189 2915 80

123 2949 183 3010 culi
210 2950 307 3009 teucri
334 2948 517 3030 tunduntur3
545 2967 581 3010 ex
610 2949 658 3010 his
688 2967 779 3010 sucus
807 2951 998 3028 exprimitur,
1026 2950 1078 3028 qui
1104 2949 1136 3008 in

123 3037 184 3100 sole
203 3037 239 3097 ad
259 3036 488 3098 crassitudinem
506 3037 603 3098 mellis
622 3040 769 3116 spissatur
788 3040 929 3116 agitatus:
947 3037 996 3098 hic
1010 3037 1136 3097 haustus

122 3125 381 3204 sanguinulentam
405 3127 622 3186 excreationem
646 3127 851 3187 efficacissime
877 3125 978 3186 cludit.
1020 3123 1135 3184 Eorun-

122 3214 189 3274 dem
219 3213 365 3274 ruborum
395 3213 533 3275 cauliculi
565 3217 663 3274 teneri
694 3233 730 3275 ex
762 3216 831 3274 vino
861 3221 981 3274 austero
1011 3212 1136 3272 discocti

193 3347 329 3418 tuteris]
349 3349 462 3403 ueteris.
548 3348 684 3406 dleculo.
771 3354 804 3404 10
822 3347 961 3418 tphisieis.
1047 3361 1134 3400 reme-

121 3417 246 3489 dicutur]
265 3419 450 3474 remediatum
470 3421 521 3476 est.
605 3423 637 3474 17
658 3418 825 3489 emoptoico.
912 3423 947 3472 20
965 3414 1135 3486 permixtum

122 3489 283 3544 (leandrius.
356 3495 390 3543 22
410 3489 459 3560 ab]
479 3491 523 3545 ad.
