<?xml version="1.0" encoding="UTF-8"?>
<!DOCTYPE html PUBLIC "-//W3C//DTD XHTML 1.0 Transitional//EN"
    "http://www.w3.org/TR/xhtml1/DTD/xhtml1-transitional.dtd">
<html xmlns="http://www.w3.org/1999/xhtml" xml:lang="en" lang="en">
 <head>
  <title>
</title>
<meta http-equiv="Content-Type" content="text/html;charset=utf-8" />
  <meta name='ocr-system' content='tesseract 3.04.00' />
  <meta name='ocr-capabilities' content='ocr_page ocr_carea ocr_par ocr_line ocrx_word'/>
</head>
<body>
  <div class='ocr_page' id='page_1' title='image "./marcellidemedic02helmgoog_0350.png"; bbox 0 0 2528 3814; ppageno 0'>
   <div class='ocr_carea' id='block_1_1' title="bbox 517 107 757 172">
    <p class='ocr_par' dir='ltr' id='par_1_1' title="bbox 517 107 757 172">
     <span class='ocr_line' id='line_1_1' title="bbox 517 107 757 172; baseline 0.004 -1"><span class='ocrx_word' id='word_1_1' title='bbox 517 107 757 172; x_wconf 86' lang='lat'>-338-</span> 
     </span>
    </p>
   </div>
   <div class='ocr_carea' id='block_1_2' title="bbox 74 270 1191 2914">
    <p class='ocr_par' dir='ltr' id='par_1_2' title="bbox 74 270 1174 882">
     <span class='ocr_line' id='line_1_2' title="bbox 129 270 1148 350; baseline -0.004 -16"><span class='ocrx_word' id='word_1_2' title='bbox 129 275 155 334; x_wconf 87' lang='lat' dir='ltr'><strong>si</strong></span> <span class='ocrx_word' id='word_1_3' title='bbox 182 273 267 350; x_wconf 89' lang='lat' dir='ltr'><strong>prius</strong></span> <span class='ocrx_word' id='word_1_4' title='bbox 295 271 398 350; x_wconf 85' lang='lat' dir='ltr'><strong>facias,</strong></span> <span class='ocrx_word' id='word_1_5' title='bbox 428 277 586 347; x_wconf 78' lang='lat' dir='ltr'><strong>antequam</strong></span> <span class='ocrx_word' id='word_1_6' title='bbox 609 276 770 330; x_wconf 88' lang='lat' dir='ltr'><strong>nascantur</strong></span> <span class='ocrx_word' id='word_1_7' title='bbox 792 270 928 350; x_wconf 76' lang='lat' dir='ltr'><strong>inguina,</strong></span> <span class='ocrx_word' id='word_1_8' title='bbox 957 287 1076 330; x_wconf 86' lang='lat' dir='ltr'><strong>omnem</strong></span> <span class='ocrx_word' id='word_1_9' title='bbox 1102 271 1148 330; x_wconf 92' lang='lat' dir='ltr'><strong>in·</strong></span> 
     </span>
     <span class='ocr_line' id='line_1_3' title="bbox 129 356 1148 440; baseline -0.002 -19"><span class='ocrx_word' id='word_1_10' title='bbox 129 362 253 440; x_wconf 91' lang='lat' dir='ltr'><strong>guinum</strong></span> <span class='ocrx_word' id='word_1_11' title='bbox 281 358 327 419; x_wconf 86' lang='lat' dir='ltr'><strong>rel</strong></span> <span class='ocrx_word' id='word_1_12' title='bbox 355 357 560 438; x_wconf 86' lang='lat' dir='ltr'><strong>glandularum</strong></span> <span class='ocrx_word' id='word_1_13' title='bbox 584 356 748 418; x_wconf 82' lang='lat' dir='ltr'><strong>molestiam</strong></span> <span class='ocrx_word' id='word_1_14' title='bbox 772 356 958 439; x_wconf 82' lang='lat' dir='ltr'>prohibebis,</span> <span class='ocrx_word' id='word_1_15' title='bbox 982 359 1008 418; x_wconf 91' lang='lat' dir='ltr'><strong>si</strong></span> <span class='ocrx_word' id='word_1_16' title='bbox 1030 367 1148 440; x_wconf 82' lang='lat' dir='ltr'><strong>postea,</strong></span> 
     </span>
     <span class='ocr_line' id='line_1_4' title="bbox 74 445 1147 526; baseline -0.006 -14"><span class='ocrx_word' id='word_1_17' title='bbox 74 463 109 512; x_wconf 87' lang='grc' dir='ltr'><strong>2ο</strong></span> <span class='ocrx_word' id='word_1_18' title='bbox 130 449 261 510; x_wconf 88' lang='lat' dir='ltr'><strong>dolorem</strong></span> <span class='ocrx_word' id='word_1_19' title='bbox 283 455 489 526; x_wconf 89' lang='lat' dir='ltr'><strong>tumoremque</strong></span> <span class='ocrx_word' id='word_1_20' title='bbox 509 445 635 506; x_wconf 82' lang='lat' dir='ltr'><strong>sedabis.</strong></span> <span class='ocrx_word' id='word_1_21' title='bbox 673 445 833 508; x_wconf 82' lang='lat' dir='ltr'><strong>Surculum</strong></span> <span class='ocrx_word' id='word_1_22' title='bbox 852 465 971 525; x_wconf 91' lang='lat' dir='ltr'><strong>quoque</strong></span> <span class='ocrx_word' id='word_1_23' title='bbox 990 465 1026 506; x_wconf 86' lang='lat' dir='ltr'><strong>ex</strong></span> <span class='ocrx_word' id='word_1_24' title='bbox 1045 455 1147 526; x_wconf 90' lang='lat' dir='ltr'><strong>myrto</strong></span> 
     </span>
     <span class='ocr_line' id='line_1_5' title="bbox 78 533 1146 616; baseline -0.005 -17"><span class='ocrx_word' id='word_1_25' title='bbox 78 546 212 600; x_wconf 86' lang='grc'><strong>2122222</strong></span> <span class='ocrx_word' id='word_1_26' title='bbox 234 543 347 598; x_wconf 88' lang='lat' dir='ltr'><strong>tactum</strong></span> <span class='ocrx_word' id='word_1_27' title='bbox 371 538 396 596; x_wconf 87' lang='lat' dir='ltr'><strong>si</strong></span> <span class='ocrx_word' id='word_1_28' title='bbox 420 537 487 614; x_wconf 88' lang='lat' dir='ltr'><strong>quis</strong></span> <span class='ocrx_word' id='word_1_29' title='bbox 511 542 603 616; x_wconf 83' lang='lat' dir='ltr'><strong>gerat,</strong></span> <span class='ocrx_word' id='word_1_30' title='bbox 627 533 663 595; x_wconf 94' lang='lat' dir='ltr'><strong>ab</strong></span> <span class='ocrx_word' id='word_1_31' title='bbox 686 533 859 614; x_wconf 86' lang='lat' dir='ltr'><strong>inguinibus</strong></span> <span class='ocrx_word' id='word_1_32' title='bbox 882 542 965 595; x_wconf 83' lang='lat' dir='ltr'><strong>tutus</strong></span> <span class='ocrx_word' id='word_1_33' title='bbox 988 537 1054 597; x_wconf 88' lang='grc'><strong>2212.</strong></span> <span class='ocrx_word' id='word_1_34' title='bbox 1098 534 1146 595; x_wconf 92' lang='lat' dir='ltr'><strong>ln-</strong></span> 
     </span>
     <span class='ocr_line' id='line_1_6' title="bbox 123 618 1174 706; baseline -0.005 -19"><span class='ocrx_word' id='word_1_35' title='bbox 123 618 271 706; x_wconf 63' lang='lat' dir='ltr'><strong>&#39;guinibus</strong></span> <span class='ocrx_word' id='word_1_36' title='bbox 289 631 428 704; x_wconf 87' lang='lat' dir='ltr'><strong>potenter</strong></span> <span class='ocrx_word' id='word_1_37' title='bbox 446 623 614 703; x_wconf 84' lang='lat' dir='ltr'><strong>medebere‚</strong></span> <span class='ocrx_word' id='word_1_38' title='bbox 636 625 662 683; x_wconf 91' lang='lat' dir='ltr'><strong>si</strong></span> <span class='ocrx_word' id='word_1_39' title='bbox 680 623 799 684; x_wconf 90' lang='lat' dir='ltr'><strong>delicio</strong></span> <span class='ocrx_word' id='word_1_40' title='bbox 815 629 929 702; x_wconf 90' lang='lat' dir='ltr'><strong>septem</strong></span> <span class='ocrx_word' id='word_1_41' title='bbox 943 622 1036 683; x_wconf 90' lang='lat' dir='ltr'><strong>nodos</strong></span> <span class='ocrx_word' id='word_1_42' title='bbox 1052 623 1174 684; x_wconf 82' lang='lat' dir='ltr'><strong>laciass</strong></span> 
     </span>
     <span class='ocr_line' id='line_1_7' title="bbox 133 710 1147 792; baseline -0.004 -16"><span class='ocrx_word' id='word_1_43' title='bbox 133 715 222 776; x_wconf 88' lang='lat' dir='ltr'><strong>etad</strong></span> <span class='ocrx_word' id='word_1_44' title='bbox 247 713 380 792; x_wconf 87' lang='lat' dir='ltr'><strong>singulos</strong></span> <span class='ocrx_word' id='word_1_45' title='bbox 403 712 506 773; x_wconf 89' lang='lat' dir='ltr'><strong>viduas</strong></span> <span class='ocrx_word' id='word_1_46' title='bbox 530 714 664 772; x_wconf 83' lang='lat' dir='ltr'><strong>nomines</strong></span> <span class='ocrx_word' id='word_1_47' title='bbox 688 719 719 772; x_wconf 91' lang='grc'><strong>22</strong></span> <span class='ocrx_word' id='word_1_48' title='bbox 742 729 832 790; x_wconf 87' lang='lat' dir='ltr'><strong>supra</strong></span> <span class='ocrx_word' id='word_1_49' title='bbox 855 710 947 772; x_wconf 90' lang='lat' dir='ltr'><strong>talum</strong></span> <span class='ocrx_word' id='word_1_50' title='bbox 971 713 1036 772; x_wconf 91' lang='lat' dir='ltr'><strong>eius</strong></span> <span class='ocrx_word' id='word_1_51' title='bbox 1060 712 1147 790; x_wconf 91' lang='lat' dir='ltr'><strong>pedis</strong></span> 
     </span>
     <span class='ocr_line' id='line_1_8' title="bbox 132 802 779 882; baseline -0.006 -18"><span class='ocrx_word' id='word_1_52' title='bbox 132 803 244 882; x_wconf 84' lang='lat' dir='ltr'><strong>alliges,</strong></span> <span class='ocrx_word' id='word_1_53' title='bbox 267 805 298 862; x_wconf 93' lang='lat' dir='ltr'><strong>in</strong></span> <span class='ocrx_word' id='word_1_54' title='bbox 322 803 408 862; x_wconf 89' lang='lat' dir='ltr'><strong>cuius</strong></span> <span class='ocrx_word' id='word_1_55' title='bbox 430 809 515 881; x_wconf 89' lang='lat' dir='ltr'><strong>parte</strong></span> <span class='ocrx_word' id='word_1_56' title='bbox 538 808 627 861; x_wconf 89' lang='lat' dir='ltr'><strong>erunt</strong></span> <span class='ocrx_word' id='word_1_57' title='bbox 649 802 779 880; x_wconf 92' lang='lat' dir='ltr'><strong>inguina.</strong></span> 
     </span>
    </p>

    <p class='ocr_par' dir='ltr' id='par_1_3' title="bbox 80 889 1190 1499">
     <span class='ocr_line' id='line_1_9' title="bbox 80 889 1148 970; baseline -0.004 -18"><span class='ocrx_word' id='word_1_58' title='bbox 80 905 114 952; x_wconf 90' lang='grc'><strong>22</strong></span> <span class='ocrx_word' id='word_1_59' title='bbox 224 891 256 951; x_wconf 91' lang='lat' dir='ltr'><strong>Si</strong></span> <span class='ocrx_word' id='word_1_60' title='bbox 284 890 320 951; x_wconf 94' lang='lat' dir='ltr'><strong>ab</strong></span> <span class='ocrx_word' id='word_1_61' title='bbox 348 889 507 970; x_wconf 88' lang='lat' dir='ltr'><strong>equitando</strong></span> <span class='ocrx_word' id='word_1_62' title='bbox 533 897 636 950; x_wconf 82' lang='lat' dir='ltr'><strong>vexata</strong></span> <span class='ocrx_word' id='word_1_63' title='bbox 660 889 772 950; x_wconf 83' lang='lat' dir='ltr'><strong>luerint</strong></span> <span class='ocrx_word' id='word_1_64' title='bbox 794 889 916 967; x_wconf 90' lang='lat' dir='ltr'><strong>inguina</strong></span> <span class='ocrx_word' id='word_1_65' title='bbox 939 895 990 948; x_wconf 90' lang='lat' dir='ltr'><strong>aut</strong></span> <span class='ocrx_word' id='word_1_66' title='bbox 1013 889 1148 948; x_wconf 87' lang='lat' dir='ltr'><strong>intertri-</strong></span> 
     </span>
     <span class='ocr_line' id='line_1_10' title="bbox 133 976 1148 1059; baseline -0.003 -19"><span class='ocrx_word' id='word_1_67' title='bbox 133 982 218 1059; x_wconf 91' lang='lat' dir='ltr'><strong>gines</strong></span> <span class='ocrx_word' id='word_1_68' title='bbox 241 979 396 1059; x_wconf 84' lang='lat' dir='ltr'><strong>dolebunt,</strong></span> <span class='ocrx_word' id='word_1_69' title='bbox 420 996 523 1058; x_wconf 89' lang='lat' dir='ltr'><strong>spuma</strong></span> <span class='ocrx_word' id='word_1_70' title='bbox 547 979 617 1057; x_wconf 89' lang='lat' dir='ltr'><strong>equi</strong></span> <span class='ocrx_word' id='word_1_71' title='bbox 639 977 793 1058; x_wconf 84' lang='lat' dir='ltr'><strong>fricentur,</strong></span> <span class='ocrx_word' id='word_1_72' title='bbox 816 979 917 1038; x_wconf 83' lang='lat' dir='ltr'><strong>statim</strong></span> <span class='ocrx_word' id='word_1_73' title='bbox 939 976 1148 1038; x_wconf 84' lang='lat' dir='ltr'><strong>remediabun-</strong></span> 
     </span>
     <span class='ocr_line' id='line_1_11' title="bbox 80 1065 1190 1145; baseline -0.005 -15"><span class='ocrx_word' id='word_1_74' title='bbox 80 1080 115 1130; x_wconf 91' lang='grc'><strong>23</strong></span> <span class='ocrx_word' id='word_1_75' title='bbox 135 1077 193 1130; x_wconf 88' lang='lat' dir='ltr'><strong>tur.</strong></span> <span class='ocrx_word' id='word_1_76' title='bbox 230 1069 352 1129; x_wconf 84' lang='lat' dir='ltr'><strong>Stercus</strong></span> <span class='ocrx_word' id='word_1_77' title='bbox 371 1066 492 1128; x_wconf 92' lang='lat' dir='ltr'><strong>suillum</strong></span> <span class='ocrx_word' id='word_1_78' title='bbox 511 1085 579 1126; x_wconf 92' lang='lat' dir='ltr'><strong>cum</strong></span> <span class='ocrx_word' id='word_1_79' title='bbox 598 1065 663 1126; x_wconf 93' lang='lat' dir='ltr'><strong>oleo</strong></span> <span class='ocrx_word' id='word_1_80' title='bbox 682 1066 858 1145; x_wconf 82' lang='lat' dir='ltr'><strong>perfrictum</strong></span> <span class='ocrx_word' id='word_1_81' title='bbox 877 1073 907 1126; x_wconf 90' lang='lat' dir='ltr'><strong>et</strong></span> <span class='ocrx_word' id='word_1_82' title='bbox 925 1067 956 1126; x_wconf 92' lang='lat' dir='ltr'><strong>in</strong></span> <span class='ocrx_word' id='word_1_83' title='bbox 974 1072 1051 1126; x_wconf 88' lang='lat' dir='ltr'><strong>testa</strong></span> <span class='ocrx_word' id='word_1_84' title='bbox 1070 1065 1147 1126; x_wconf 89' lang='lat' dir='ltr'><strong>cale·</strong></span> <span class='ocrx_word' id='word_1_85' title='bbox 1163 1082 1190 1124; x_wconf 84' lang='lat' dir='ltr'><strong>ro</strong></span> 
     </span>
     <span class='ocr_line' id='line_1_12' title="bbox 82 1153 1147 1234; baseline -0.003 -17"><span class='ocrx_word' id='word_1_86' title='bbox 82 1158 247 1218; x_wconf 74' lang='lat' dir='ltr'><strong>attactum</strong></span> <span class='ocrx_word' id='word_1_87' title='bbox 270 1163 300 1216; x_wconf 92' lang='lat' dir='ltr'><strong>et</strong></span> <span class='ocrx_word' id='word_1_88' title='bbox 322 1155 495 1234; x_wconf 90' lang='lat' dir='ltr'><strong>inguinibus</strong></span> <span class='ocrx_word' id='word_1_89' title='bbox 518 1156 680 1233; x_wconf 91' lang='lat' dir='ltr'><strong>inpositum</strong></span> <span class='ocrx_word' id='word_1_90' title='bbox 699 1154 861 1233; x_wconf 89' lang='lat' dir='ltr'><strong>plurimum</strong></span> <span class='ocrx_word' id='word_1_91' title='bbox 879 1153 1009 1233; x_wconf 89' lang='lat' dir='ltr'><strong>prodest.</strong></span> <span class='ocrx_word' id='word_1_92' title='bbox 1043 1153 1147 1214; x_wconf 87' lang='lat' dir='ltr'><strong>Pollex</strong></span> 
     </span>
     <span class='ocr_line' id='line_1_13' title="bbox 136 1241 1146 1324; baseline -0.002 -20"><span class='ocrx_word' id='word_1_93' title='bbox 136 1247 200 1304; x_wconf 89' lang='lat' dir='ltr'><strong>eius</strong></span> <span class='ocrx_word' id='word_1_94' title='bbox 233 1244 330 1324; x_wconf 83' lang='lat' dir='ltr'><strong>pedis,</strong></span> <span class='ocrx_word' id='word_1_95' title='bbox 363 1245 394 1302; x_wconf 92' lang='lat' dir='ltr'><strong>in</strong></span> <span class='ocrx_word' id='word_1_96' title='bbox 424 1261 482 1320; x_wconf 91' lang='lat' dir='ltr'><strong>quo</strong></span> <span class='ocrx_word' id='word_1_97' title='bbox 510 1244 632 1320; x_wconf 90' lang='lat' dir='ltr'><strong>inguina</strong></span> <span class='ocrx_word' id='word_1_98' title='bbox 660 1251 761 1323; x_wconf 86' lang='lat' dir='ltr'><strong>erunt,</strong></span> <span class='ocrx_word' id='word_1_99' title='bbox 794 1261 862 1304; x_wconf 94' lang='lat' dir='ltr'><strong>cum</strong></span> <span class='ocrx_word' id='word_1_100' title='bbox 888 1244 1023 1322; x_wconf 86' lang='lat' dir='ltr'><strong>proximo</strong></span> <span class='ocrx_word' id='word_1_101' title='bbox 1051 1241 1146 1320; x_wconf 87' lang='lat' dir='ltr'><strong>digito</strong></span> 
     </span>
     <span class='ocr_line' id='line_1_14' title="bbox 80 1328 1147 1411; baseline -0.002 -19"><span class='ocrx_word' id='word_1_102' title='bbox 80 1344 115 1392; x_wconf 86' lang='grc'><strong>22</strong></span> <span class='ocrx_word' id='word_1_103' title='bbox 134 1333 242 1410; x_wconf 91' lang='lat' dir='ltr'><strong>ligatus</strong></span> <span class='ocrx_word' id='word_1_104' title='bbox 272 1333 346 1390; x_wconf 90' lang='lat' dir='ltr'><strong>mire</strong></span> <span class='ocrx_word' id='word_1_105' title='bbox 374 1329 519 1390; x_wconf 89' lang='lat' dir='ltr'><strong>medetur.</strong></span> <span class='ocrx_word' id='word_1_106' title='bbox 562 1330 595 1390; x_wconf 90' lang='lat' dir='ltr'><strong>Si</strong></span> <span class='ocrx_word' id='word_1_107' title='bbox 622 1332 689 1409; x_wconf 89' lang='lat' dir='ltr'><strong>quis</strong></span> <span class='ocrx_word' id='word_1_108' title='bbox 717 1331 753 1390; x_wconf 93' lang='lat' dir='ltr'><strong>ab</strong></span> <span class='ocrx_word' id='word_1_109' title='bbox 782 1331 941 1411; x_wconf 85' lang='lat' dir='ltr'><strong>equitando</strong></span> <span class='ocrx_word' id='word_1_110' title='bbox 970 1339 1021 1391; x_wconf 92' lang='lat' dir='ltr'><strong>ant</strong></span> <span class='ocrx_word' id='word_1_111' title='bbox 1043 1328 1147 1390; x_wconf 90' lang='lat' dir='ltr'><strong>ambu-</strong></span> 
     </span>
     <span class='ocr_line' id='line_1_15' title="bbox 131 1417 1148 1499; baseline 0 -19"><span class='ocrx_word' id='word_1_112' title='bbox 131 1419 218 1480; x_wconf 92' lang='lat' dir='ltr'><strong>lando</strong></span> <span class='ocrx_word' id='word_1_113' title='bbox 237 1421 348 1498; x_wconf 87' lang='lat' dir='ltr'><strong>inguen</strong></span> <span class='ocrx_word' id='word_1_114' title='bbox 367 1417 514 1499; x_wconf 83' lang='lat' dir='ltr'><strong>habuerit,</strong></span> <span class='ocrx_word' id='word_1_115' title='bbox 532 1417 643 1479; x_wconf 88' lang='lat' dir='ltr'><strong>scribat</strong></span> <span class='ocrx_word' id='word_1_116' title='bbox 661 1421 693 1478; x_wconf 91' lang='lat' dir='ltr'><strong>in</strong></span> <span class='ocrx_word' id='word_1_117' title='bbox 712 1419 814 1480; x_wconf 89' lang='lat' dir='ltr'><strong>charta</strong></span> <span class='ocrx_word' id='word_1_118' title='bbox 830 1437 936 1493; x_wconf 79' lang='grc' dir='ltr'><strong><em>κυστος</em></strong></span> <span class='ocrx_word' id='word_1_119' title='bbox 952 1426 983 1479; x_wconf 87' lang='grc'><strong>22</strong></span> <span class='ocrx_word' id='word_1_120' title='bbox 996 1419 1034 1479; x_wconf 81' lang='lat' dir='ltr'><strong>ael</strong></span> <span class='ocrx_word' id='word_1_121' title='bbox 1047 1419 1148 1480; x_wconf 88' lang='lat' dir='ltr'><strong>lemur</strong></span> 
     </span>
    </p>

    <p class='ocr_par' dir='ltr' id='par_1_4' title="bbox 77 1506 1191 2914">
     <span class='ocr_line' id='line_1_16' title="bbox 131 1506 1187 1586; baseline -0.001 -17"><span class='ocrx_word' id='word_1_122' title='bbox 131 1508 188 1570; x_wconf 89' lang='lat' dir='ltr'><strong>sibi</strong></span> <span class='ocrx_word' id='word_1_123' title='bbox 211 1507 319 1586; x_wconf 89' lang='lat' dir='ltr'><strong>alliget,</strong></span> <span class='ocrx_word' id='word_1_124' title='bbox 344 1509 403 1568; x_wconf 90' lang='lat' dir='ltr'><strong>cito</strong></span> <span class='ocrx_word' id='word_1_125' title='bbox 427 1506 589 1570; x_wconf 90' lang='lat' dir='ltr'><strong>sanabitur.</strong></span> <span class='ocrx_word' id='word_1_126' title='bbox 1161 1526 1187 1568; x_wconf 81' lang='grc'><strong>22</strong></span> 
     </span>
     <span class='ocr_line' id='line_1_17' title="bbox 77 1595 1147 1676; baseline -0.001 -19"><span class='ocrx_word' id='word_1_127' title='bbox 77 1609 112 1658; x_wconf 84' lang='grc'><strong>23</strong></span> <span class='ocrx_word' id='word_1_128' title='bbox 220 1597 264 1658; x_wconf 83' lang='lat' dir='ltr'><strong>dd</strong></span> <span class='ocrx_word' id='word_1_129' title='bbox 296 1595 499 1676; x_wconf 84' lang='lat' dir='ltr'><strong>condylomata</strong></span> <span class='ocrx_word' id='word_1_130' title='bbox 528 1598 687 1675; x_wconf 91' lang='lat' dir='ltr'><strong>inguinum</strong></span> <span class='ocrx_word' id='word_1_131' title='bbox 712 1596 759 1657; x_wconf 86' lang='lat' dir='ltr'><strong>vel</strong></span> <span class='ocrx_word' id='word_1_132' title='bbox 786 1596 986 1676; x_wconf 89' lang='lat' dir='ltr'><strong>quarumlibet</strong></span> <span class='ocrx_word' id='word_1_133' title='bbox 1014 1598 1147 1674; x_wconf 87' lang='lat' dir='ltr'><strong>partium</strong></span> 
     </span>
     <span class='ocr_line' id='line_1_18' title="bbox 130 1685 1146 1766; baseline -0.002 -20"><span class='ocrx_word' id='word_1_134' title='bbox 130 1685 319 1746; x_wconf 88' lang='lat' dir='ltr'><strong>malicorium</strong></span> <span class='ocrx_word' id='word_1_135' title='bbox 343 1703 411 1746; x_wconf 93' lang='lat' dir='ltr'><strong>cum</strong></span> <span class='ocrx_word' id='word_1_136' title='bbox 434 1687 497 1744; x_wconf 90' lang='lat' dir='ltr'><strong>vini</strong></span> <span class='ocrx_word' id='word_1_137' title='bbox 518 1687 622 1764; x_wconf 83' lang='lat' dir='ltr'><strong>optimi</strong></span> <span class='ocrx_word' id='word_1_138' title='bbox 645 1687 773 1746; x_wconf 84' lang='lat' dir='ltr'><strong>sextario</strong></span> <span class='ocrx_word' id='word_1_139' title='bbox 797 1685 833 1746; x_wconf 91' lang='lat' dir='ltr'><strong>ad</strong></span> <span class='ocrx_word' id='word_1_140' title='bbox 857 1685 979 1766; x_wconf 84' lang='lat' dir='ltr'><strong>cyathos</strong></span> <span class='ocrx_word' id='word_1_141' title='bbox 1000 1685 1077 1745; x_wconf 90' lang='lat' dir='ltr'><strong>duos</strong></span> <span class='ocrx_word' id='word_1_142' title='bbox 1095 1685 1146 1744; x_wconf 89' lang='lat' dir='ltr'><strong>de-</strong></span> 
     </span>
     <span class='ocr_line' id='line_1_19' title="bbox 132 1773 1147 1853; baseline -0.003 -17"><span class='ocrx_word' id='word_1_143' title='bbox 132 1783 249 1836; x_wconf 89' lang='lat' dir='ltr'><strong>coctum</strong></span> <span class='ocrx_word' id='word_1_144' title='bbox 273 1782 303 1834; x_wconf 89' lang='grc'><strong>22</strong></span> <span class='ocrx_word' id='word_1_145' title='bbox 326 1791 395 1834; x_wconf 91' lang='lat' dir='ltr'><strong>cum</strong></span> <span class='ocrx_word' id='word_1_146' title='bbox 419 1773 521 1833; x_wconf 89' lang='lat' dir='ltr'><strong>eodem</strong></span> <span class='ocrx_word' id='word_1_147' title='bbox 547 1775 613 1834; x_wconf 91' lang='lat' dir='ltr'><strong>vino</strong></span> <span class='ocrx_word' id='word_1_148' title='bbox 637 1775 742 1834; x_wconf 85' lang='lat' dir='ltr'><strong>tritum</strong></span> <span class='ocrx_word' id='word_1_149' title='bbox 765 1781 854 1853; x_wconf 87' lang='lat' dir='ltr'><strong>atque</strong></span> <span class='ocrx_word' id='word_1_150' title='bbox 877 1783 912 1835; x_wconf 87' lang='lat' dir='ltr'><strong>ut</strong></span> <span class='ocrx_word' id='word_1_151' title='bbox 929 1773 1074 1852; x_wconf 89' lang='lat' dir='ltr'><strong>malagma</strong></span> <span class='ocrx_word' id='word_1_152' title='bbox 1092 1775 1147 1834; x_wconf 92' lang='lat' dir='ltr'><strong>im-</strong></span> 
     </span>
     <span class='ocr_line' id='line_1_20' title="bbox 79 1861 1146 1942; baseline 0 -20"><span class='ocrx_word' id='word_1_153' title='bbox 79 1874 112 1922; x_wconf 81' lang='grc'><strong>22</strong></span> <span class='ocrx_word' id='word_1_154' title='bbox 132 1865 263 1942; x_wconf 86' lang='lat' dir='ltr'><strong>positum</strong></span> <span class='ocrx_word' id='word_1_155' title='bbox 291 1862 493 1942; x_wconf 84' lang='lat' dir='ltr'><strong>condylomata</strong></span> <span class='ocrx_word' id='word_1_156' title='bbox 522 1862 597 1922; x_wconf 86' lang='lat' dir='ltr'><strong>lacta</strong></span> <span class='ocrx_word' id='word_1_157' title='bbox 624 1870 770 1941; x_wconf 89' lang='lat' dir='ltr'><strong>persanat.</strong></span> <span class='ocrx_word' id='word_1_158' title='bbox 812 1861 970 1922; x_wconf 81' lang='lat' dir='ltr'><strong>Medullum</strong></span> <span class='ocrx_word' id='word_1_159' title='bbox 998 1864 1080 1922; x_wconf 90' lang='lat' dir='ltr'><strong>canis</strong></span> <span class='ocrx_word' id='word_1_160' title='bbox 1108 1880 1146 1922; x_wconf 87' lang='lat' dir='ltr'><strong>ex</strong></span> 
     </span>
     <span class='ocr_line' id='line_1_21' title="bbox 133 1949 1186 2030; baseline -0.003 -19"><span class='ocrx_word' id='word_1_161' title='bbox 133 1954 200 2012; x_wconf 84' lang='lat' dir='ltr'><strong>vino</strong></span> <span class='ocrx_word' id='word_1_162' title='bbox 228 1959 328 2012; x_wconf 87' lang='lat' dir='ltr'><strong>vetere</strong></span> <span class='ocrx_word' id='word_1_163' title='bbox 362 1950 466 2028; x_wconf 88' lang='lat' dir='ltr'><strong>subige</strong></span> <span class='ocrx_word' id='word_1_164' title='bbox 500 1959 529 2010; x_wconf 91' lang='lat' dir='ltr'><strong>et</strong></span> <span class='ocrx_word' id='word_1_165' title='bbox 562 1950 713 2030; x_wconf 89' lang='lat' dir='ltr'><strong>emplastri</strong></span> <span class='ocrx_word' id='word_1_166' title='bbox 743 1950 831 2012; x_wconf 92' lang='lat' dir='ltr'><strong>modo</strong></span> <span class='ocrx_word' id='word_1_167' title='bbox 860 1953 978 2030; x_wconf 87' lang='lat' dir='ltr'><strong>impone</strong></span> <span class='ocrx_word' id='word_1_168' title='bbox 1007 1949 1147 2030; x_wconf 92' lang='lat' dir='ltr'><strong>condylo·</strong></span> <span class='ocrx_word' id='word_1_169' title='bbox 1161 1967 1186 2007; x_wconf 79' lang='lat' dir='ltr'><strong>ao</strong></span> 
     </span>
     <span class='ocr_line' id='line_1_22' title="bbox 78 2038 1147 2120; baseline -0.001 -21"><span class='ocrx_word' id='word_1_170' title='bbox 78 2051 113 2100; x_wconf 86' lang='grc'><strong>23</strong></span> <span class='ocrx_word' id='word_1_171' title='bbox 132 2042 233 2120; x_wconf 82' lang='lat' dir='ltr'><strong>matis,</strong></span> <span class='ocrx_word' id='word_1_172' title='bbox 262 2049 400 2119; x_wconf 88' lang='lat' dir='ltr'><strong>potenter</strong></span> <span class='ocrx_word' id='word_1_173' title='bbox 428 2057 461 2099; x_wconf 92' lang='lat' dir='ltr'><strong>ea</strong></span> <span class='ocrx_word' id='word_1_174' title='bbox 487 2038 613 2100; x_wconf 88' lang='lat' dir='ltr'><strong>sanabis.</strong></span> <span class='ocrx_word' id='word_1_175' title='bbox 654 2039 824 2118; x_wconf 81' lang='lat' dir='ltr'><strong>Argimonia</strong></span> <span class='ocrx_word' id='word_1_176' title='bbox 847 2041 916 2100; x_wconf 88' lang='lat' dir='ltr'><strong>trita</strong></span> <span class='ocrx_word' id='word_1_177' title='bbox 940 2046 970 2099; x_wconf 91' lang='lat' dir='ltr'><strong>et</strong></span> <span class='ocrx_word' id='word_1_178' title='bbox 993 2039 1070 2117; x_wconf 91' lang='lat' dir='ltr'><strong>adipi</strong></span> <span class='ocrx_word' id='word_1_179' title='bbox 1096 2057 1147 2098; x_wconf 90' lang='lat' dir='ltr'><strong>an·</strong></span> 
     </span>
     <span class='ocr_line' id='line_1_23' title="bbox 79 2126 1147 2206; baseline 0 -19"><span class='ocrx_word' id='word_1_180' title='bbox 79 2141 113 2189; x_wconf 86' lang='grc'><strong>22</strong></span> <span class='ocrx_word' id='word_1_181' title='bbox 134 2131 249 2190; x_wconf 84' lang='lat' dir='ltr'><strong>serinac</strong></span> <span class='ocrx_word' id='word_1_182' title='bbox 269 2127 397 2188; x_wconf 86' lang='lat' dir='ltr'><strong>admixta</strong></span> <span class='ocrx_word' id='word_1_183' title='bbox 416 2128 613 2206; x_wconf 88' lang='lat' dir='ltr'><strong>impositaque</strong></span> <span class='ocrx_word' id='word_1_184' title='bbox 633 2127 845 2206; x_wconf 91' lang='lat' dir='ltr'><strong>condylomatis</strong></span> <span class='ocrx_word' id='word_1_185' title='bbox 863 2127 1008 2188; x_wconf 86' lang='lat' dir='ltr'><strong>medetur.</strong></span> <span class='ocrx_word' id='word_1_186' title='bbox 1039 2126 1147 2188; x_wconf 86' lang='lat' dir='ltr'><strong>Oleum</strong></span> 
     </span>
     <span class='ocr_line' id='line_1_24' title="bbox 132 2215 1147 2294; baseline -0.002 -16"><span class='ocrx_word' id='word_1_187' title='bbox 132 2225 218 2278; x_wconf 86' lang='lat' dir='ltr'><strong>vetus</strong></span> <span class='ocrx_word' id='word_1_188' title='bbox 242 2235 311 2277; x_wconf 91' lang='lat' dir='ltr'><strong>cum</strong></span> <span class='ocrx_word' id='word_1_189' title='bbox 334 2215 453 2294; x_wconf 89' lang='lat' dir='ltr'><strong>polenta</strong></span> <span class='ocrx_word' id='word_1_190' title='bbox 476 2215 625 2294; x_wconf 91' lang='lat' dir='ltr'><strong>decoques</strong></span> <span class='ocrx_word' id='word_1_191' title='bbox 648 2223 677 2276; x_wconf 90' lang='lat' dir='ltr'><strong>et</strong></span> <span class='ocrx_word' id='word_1_192' title='bbox 700 2215 911 2276; x_wconf 90' lang='lat' dir='ltr'><strong>calidissimum</strong></span> <span class='ocrx_word' id='word_1_193' title='bbox 932 2215 1147 2294; x_wconf 91' lang='lat' dir='ltr'><strong>condylomatis</strong></span> 
     </span>
     <span class='ocr_line' id='line_1_25' title="bbox 78 2303 1147 2384; baseline -0.001 -19"><span class='ocrx_word' id='word_1_194' title='bbox 78 2317 113 2365; x_wconf 86' lang='lat'><strong>30</strong></span> <span class='ocrx_word' id='word_1_195' title='bbox 132 2308 276 2384; x_wconf 89' lang='lat' dir='ltr'><strong>impones.</strong></span> <span class='ocrx_word' id='word_1_196' title='bbox 318 2303 400 2364; x_wconf 89' lang='lat' dir='ltr'><strong>Folia</strong></span> <span class='ocrx_word' id='word_1_197' title='bbox 427 2303 495 2364; x_wconf 85' lang='lat' dir='ltr'><strong>rubi</strong></span> <span class='ocrx_word' id='word_1_198' title='bbox 525 2306 652 2365; x_wconf 85' lang='lat' dir='ltr'><strong>contrita</strong></span> <span class='ocrx_word' id='word_1_199' title='bbox 678 2311 799 2364; x_wconf 90' lang='lat' dir='ltr'><strong>etcum</strong></span> <span class='ocrx_word' id='word_1_200' title='bbox 823 2311 923 2365; x_wconf 87' lang='lat' dir='ltr'><strong>ceroto</strong></span> <span class='ocrx_word' id='word_1_201' title='bbox 947 2322 1069 2364; x_wconf 86' lang='lat' dir='ltr'><strong>rosaceo</strong></span> <span class='ocrx_word' id='word_1_202' title='bbox 1092 2307 1147 2364; x_wconf 92' lang='lat' dir='ltr'><strong>im-</strong></span> 
     </span>
     <span class='ocr_line' id='line_1_26' title="bbox 77 2392 1191 2472; baseline -0.002 -19"><span class='ocrx_word' id='word_1_203' title='bbox 77 2405 110 2454; x_wconf 88' lang='grc'><strong>31</strong></span> <span class='ocrx_word' id='word_1_204' title='bbox 131 2394 231 2472; x_wconf 88' lang='lat' dir='ltr'><strong>posita</strong></span> <span class='ocrx_word' id='word_1_205' title='bbox 254 2400 359 2453; x_wconf 89' lang='lat' dir='ltr'><strong>sanant</strong></span> <span class='ocrx_word' id='word_1_206' title='bbox 382 2394 480 2452; x_wconf 88' lang='lat' dir='ltr'><strong>omnia</strong></span> <span class='ocrx_word' id='word_1_207' title='bbox 503 2392 714 2472; x_wconf 90' lang='lat' dir='ltr'><strong>condylomata.</strong></span> <span class='ocrx_word' id='word_1_208' title='bbox 750 2392 849 2471; x_wconf 83' lang='lat' dir='ltr'><strong>ddeps</strong></span> <span class='ocrx_word' id='word_1_209' title='bbox 872 2394 987 2452; x_wconf 88' lang='lat' dir='ltr'><strong>anseris</strong></span> <span class='ocrx_word' id='word_1_210' title='bbox 1010 2410 1078 2453; x_wconf 90' lang='lat' dir='ltr'><strong>cum</strong></span> <span class='ocrx_word' id='word_1_211' title='bbox 1097 2410 1146 2452; x_wconf 87' lang='lat' dir='ltr'><strong>ce·</strong></span> <span class='ocrx_word' id='word_1_212' title='bbox 1161 2409 1191 2451; x_wconf 81' lang='grc'><strong>22</strong></span> 
     </span>
     <span class='ocr_line' id='line_1_27' title="bbox 132 2480 1147 2542; baseline 0 -2"><span class='ocrx_word' id='word_1_213' title='bbox 132 2499 218 2542; x_wconf 87' lang='lat' dir='ltr'><strong>russa</strong></span> <span class='ocrx_word' id='word_1_214' title='bbox 251 2489 281 2541; x_wconf 88' lang='lat' dir='ltr'><strong>et</strong></span> <span class='ocrx_word' id='word_1_215' title='bbox 314 2481 379 2542; x_wconf 90' lang='lat' dir='ltr'><strong>olco</strong></span> <span class='ocrx_word' id='word_1_216' title='bbox 407 2499 528 2542; x_wconf 87' lang='lat' dir='ltr'><strong>rosaceo</strong></span> <span class='ocrx_word' id='word_1_217' title='bbox 557 2491 588 2542; x_wconf 90' lang='grc'><strong>22</strong></span> <span class='ocrx_word' id='word_1_218' title='bbox 619 2499 688 2541; x_wconf 88' lang='grc'><strong>2222</strong></span> <span class='ocrx_word' id='word_1_219' title='bbox 719 2480 842 2541; x_wconf 86' lang='grc' dir='ltr'><strong>Ρ222122</strong></span> <span class='ocrx_word' id='word_1_220' title='bbox 869 2483 901 2540; x_wconf 87' lang='grc'><strong>12</strong></span> <span class='ocrx_word' id='word_1_221' title='bbox 929 2499 1021 2541; x_wconf 92' lang='lat' dir='ltr'><strong>unum</strong></span> <span class='ocrx_word' id='word_1_222' title='bbox 1050 2482 1147 2542; x_wconf 88' lang='lat' dir='ltr'><strong>ceroti</strong></span> 
     </span>
     <span class='ocr_line' id='line_1_28' title="bbox 133 2569 1146 2650; baseline 0 -22"><span class='ocrx_word' id='word_1_223' title='bbox 133 2569 221 2629; x_wconf 92' lang='lat' dir='ltr'><strong>modo</strong></span> <span class='ocrx_word' id='word_1_224' title='bbox 245 2571 408 2648; x_wconf 90' lang='lat' dir='ltr'><strong>composita</strong></span> <span class='ocrx_word' id='word_1_225' title='bbox 432 2577 461 2630; x_wconf 90' lang='lat' dir='ltr'><strong>et</strong></span> <span class='ocrx_word' id='word_1_226' title='bbox 479 2572 616 2648; x_wconf 87' lang='lat' dir='ltr'><strong>imposita</strong></span> <span class='ocrx_word' id='word_1_227' title='bbox 635 2569 749 2630; x_wconf 87' lang='lat' dir='ltr'><strong>utiliter</strong></span> <span class='ocrx_word' id='word_1_228' title='bbox 768 2569 980 2650; x_wconf 90' lang='lat' dir='ltr'><strong>condylomatis</strong></span> <span class='ocrx_word' id='word_1_229' title='bbox 999 2569 1146 2629; x_wconf 87' lang='lat' dir='ltr'><strong>medetur.</strong></span> 
     </span>
     <span class='ocr_line' id='line_1_29' title="bbox 78 2656 1144 2739; baseline -0.001 -22"><span class='ocrx_word' id='word_1_230' title='bbox 78 2669 113 2718; x_wconf 89' lang='grc'><strong>32</strong></span> <span class='ocrx_word' id='word_1_231' title='bbox 134 2657 200 2717; x_wconf 89' lang='lat' dir='ltr'><strong>Mus</strong></span> <span class='ocrx_word' id='word_1_232' title='bbox 224 2675 359 2738; x_wconf 84' lang='lat' dir='ltr'><strong>araneus,</strong></span> <span class='ocrx_word' id='word_1_233' title='bbox 383 2659 434 2736; x_wconf 92' lang='lat' dir='ltr'><strong>qui</strong></span> <span class='ocrx_word' id='word_1_234' title='bbox 458 2677 526 2719; x_wconf 91' lang='lat' dir='ltr'><strong>cum</strong></span> <span class='ocrx_word' id='word_1_235' title='bbox 547 2661 577 2718; x_wconf 97' lang='lat' dir='ltr'><strong>in</strong></span> <span class='ocrx_word' id='word_1_236' title='bbox 597 2656 724 2718; x_wconf 86' lang='lat' dir='ltr'><strong>orbitam</strong></span> <span class='ocrx_word' id='word_1_237' title='bbox 742 2658 882 2718; x_wconf 87' lang='lat' dir='ltr'><strong>inciderit</strong></span> <span class='ocrx_word' id='word_1_238' title='bbox 900 2659 1036 2739; x_wconf 86' lang='lat' dir='ltr'><strong>moritur,</strong></span> <span class='ocrx_word' id='word_1_239' title='bbox 1058 2664 1144 2717; x_wconf 91' lang='lat' dir='ltr'><strong>ustus</strong></span> 
     </span>
     <span class='ocr_line' id='line_1_30' title="bbox 132 2745 1143 2826; baseline -0.002 -20"><span class='ocrx_word' id='word_1_240' title='bbox 132 2747 163 2806; x_wconf 92' lang='lat' dir='ltr'><strong>in</strong></span> <span class='ocrx_word' id='word_1_241' title='bbox 183 2747 315 2805; x_wconf 89' lang='lat' dir='ltr'><strong>cinerem</strong></span> <span class='ocrx_word' id='word_1_242' title='bbox 334 2745 472 2806; x_wconf 86' lang='lat' dir='ltr'><strong>redactus</strong></span> <span class='ocrx_word' id='word_1_243' title='bbox 494 2754 524 2806; x_wconf 92' lang='grc'><strong>22</strong></span> <span class='ocrx_word' id='word_1_244' title='bbox 543 2765 611 2806; x_wconf 93' lang='lat' dir='ltr'><strong>cum</strong></span> <span class='ocrx_word' id='word_1_245' title='bbox 630 2747 715 2826; x_wconf 91' lang='lat' dir='ltr'><strong>adipe</strong></span> <span class='ocrx_word' id='word_1_246' title='bbox 734 2749 871 2807; x_wconf 85' lang='lat' dir='ltr'><strong>anserina</strong></span> <span class='ocrx_word' id='word_1_247' title='bbox 889 2747 1056 2824; x_wconf 85' lang='lat' dir='ltr'><strong>permixtus</strong></span> <span class='ocrx_word' id='word_1_248' title='bbox 1075 2762 1143 2805; x_wconf 91' lang='lat' dir='ltr'><strong>con-</strong></span> 
     </span>
     <span class='ocr_line' id='line_1_31' title="bbox 133 2833 1186 2914; baseline -0.005 -19"><span class='ocrx_word' id='word_1_249' title='bbox 133 2833 288 2914; x_wconf 90' lang='lat' dir='ltr'><strong>dylomatis</strong></span> <span class='ocrx_word' id='word_1_250' title='bbox 312 2833 449 2893; x_wconf 84' lang='lat' dir='ltr'><strong>infrictus</strong></span> <span class='ocrx_word' id='word_1_251' title='bbox 473 2837 582 2894; x_wconf 89' lang='lat' dir='ltr'><strong>mirum</strong></span> <span class='ocrx_word' id='word_1_252' title='bbox 605 2835 769 2896; x_wconf 86' lang='lat' dir='ltr'><strong>remedium</strong></span> <span class='ocrx_word' id='word_1_253' title='bbox 793 2835 898 2895; x_wconf 86' lang='lat' dir='ltr'><strong>adfert.</strong></span> <span class='ocrx_word' id='word_1_254' title='bbox 1158 2850 1186 2890; x_wconf 85' lang='lat' dir='ltr'><strong>eo</strong></span> 
     </span>
    </p>
   </div>
   <div class='ocr_carea' id='block_1_3' title="bbox 78 2921 1145 3266">
    <p class='ocr_par' dir='ltr' id='par_1_5' title="bbox 78 2921 1143 3003">
     <span class='ocr_line' id='line_1_32' title="bbox 78 2921 1143 3003; baseline -0.002 -19"><span class='ocrx_word' id='word_1_255' title='bbox 78 2935 113 2984; x_wconf 89' lang='grc'><strong>33</strong></span> <span class='ocrx_word' id='word_1_256' title='bbox 223 2921 266 2981; x_wconf 81' lang='lat' dir='ltr'><strong>td</strong></span> <span class='ocrx_word' id='word_1_257' title='bbox 294 2922 499 2998; x_wconf 84' lang='lat' dir='ltr'><strong>intertrigines</strong></span> <span class='ocrx_word' id='word_1_258' title='bbox 527 2922 671 2982; x_wconf 92' lang='lat' dir='ltr'><strong>sanandas</strong></span> <span class='ocrx_word' id='word_1_259' title='bbox 698 2922 828 3003; x_wconf 92' lang='lat' dir='ltr'><strong>libystici</strong></span> <span class='ocrx_word' id='word_1_260' title='bbox 855 2923 932 2984; x_wconf 90' lang='lat' dir='ltr'><strong>loliis</strong></span> <span class='ocrx_word' id='word_1_261' title='bbox 955 2923 1143 2984; x_wconf 90' lang='lat' dir='ltr'><strong>commandu-</strong></span> 
     </span>
    </p>

    <p class='ocr_par' dir='ltr' id='par_1_6' title="bbox 80 3010 1145 3266">
     <span class='ocr_line' id='line_1_33' title="bbox 134 3010 1144 3092; baseline -0.001 -21"><span class='ocrx_word' id='word_1_262' title='bbox 134 3012 207 3072; x_wconf 89' lang='lat' dir='ltr'><strong>catis</strong></span> <span class='ocrx_word' id='word_1_263' title='bbox 237 3028 342 3070; x_wconf 90' lang='lat' dir='ltr'><strong>sucum</strong></span> <span class='ocrx_word' id='word_1_264' title='bbox 367 3019 523 3087; x_wconf 86' lang='lat' dir='ltr'><strong>exceptum</strong></span> <span class='ocrx_word' id='word_1_265' title='bbox 548 3012 573 3070; x_wconf 92' lang='lat' dir='ltr'><strong>si</strong></span> <span class='ocrx_word' id='word_1_266' title='bbox 596 3012 624 3070; x_wconf 89' lang='lat' dir='ltr'><strong>ei</strong></span> <span class='ocrx_word' id='word_1_267' title='bbox 647 3010 711 3071; x_wconf 91' lang='lat' dir='ltr'><strong>loco</strong></span> <span class='ocrx_word' id='word_1_268' title='bbox 736 3011 923 3092; x_wconf 83' lang='lat' dir='ltr'><strong>adposueris,</strong></span> <span class='ocrx_word' id='word_1_269' title='bbox 951 3031 1018 3072; x_wconf 91' lang='lat' dir='ltr'><strong>cum</strong></span> <span class='ocrx_word' id='word_1_270' title='bbox 1042 3029 1144 3072; x_wconf 90' lang='lat' dir='ltr'><strong>morsu</strong></span> 
     </span>
     <span class='ocr_line' id='line_1_34' title="bbox 80 3097 1145 3180; baseline -0.002 -19"><span class='ocrx_word' id='word_1_271' title='bbox 80 3113 115 3161; x_wconf 86' lang='grc'><strong>34</strong></span> <span class='ocrx_word' id='word_1_272' title='bbox 134 3099 267 3180; x_wconf 88' lang='lat' dir='ltr'><strong>quidem,</strong></span> <span class='ocrx_word' id='word_1_273' title='bbox 302 3097 353 3158; x_wconf 88' lang='lat' dir='ltr'><strong>sed</strong></span> <span class='ocrx_word' id='word_1_274' title='bbox 382 3099 522 3159; x_wconf 91' lang='lat' dir='ltr'><strong>continuo</strong></span> <span class='ocrx_word' id='word_1_275' title='bbox 552 3097 677 3160; x_wconf 84' lang='lat' dir='ltr'><strong>sanabis.</strong></span> <span class='ocrx_word' id='word_1_276' title='bbox 723 3099 820 3160; x_wconf 88' lang='lat' dir='ltr'><strong>Gallae</strong></span> <span class='ocrx_word' id='word_1_277' title='bbox 849 3108 989 3160; x_wconf 90' lang='lat' dir='ltr'><strong>contusae</strong></span> <span class='ocrx_word' id='word_1_278' title='bbox 1018 3102 1049 3160; x_wconf 95' lang='lat' dir='ltr'><strong>in</strong></span> <span class='ocrx_word' id='word_1_279' title='bbox 1077 3103 1145 3161; x_wconf 83' lang='lat' dir='ltr'><strong>rino</strong></span> 
     </span>
     <span class='ocr_line' id='line_1_35' title="bbox 80 3187 1145 3266; baseline 0 -18"><span class='ocrx_word' id='word_1_280' title='bbox 80 3200 115 3249; x_wconf 79' lang='grc'><strong>32</strong></span> <span class='ocrx_word' id='word_1_281' title='bbox 135 3197 236 3249; x_wconf 89' lang='grc'><strong>222222</strong></span> <span class='ocrx_word' id='word_1_282' title='bbox 256 3195 344 3266; x_wconf 92' lang='lat' dir='ltr'><strong>atque</strong></span> <span class='ocrx_word' id='word_1_283' title='bbox 364 3187 518 3265; x_wconf 87' lang='lat' dir='ltr'><strong>impositae</strong></span> <span class='ocrx_word' id='word_1_284' title='bbox 538 3189 720 3265; x_wconf 87' lang='lat' dir='ltr'><strong>intertrigini</strong></span> <span class='ocrx_word' id='word_1_285' title='bbox 738 3188 899 3266; x_wconf 89' lang='lat' dir='ltr'><strong>plurimum</strong></span> <span class='ocrx_word' id='word_1_286' title='bbox 918 3196 1052 3266; x_wconf 87' lang='lat' dir='ltr'><strong>prosunt.</strong></span> <span class='ocrx_word' id='word_1_287' title='bbox 1083 3187 1145 3248; x_wconf 80' lang='lat' dir='ltr'><strong>Cal·</strong></span> 
     </span>
    </p>
   </div>
   <div class='ocr_carea' id='block_1_4' title="bbox 130 3322 1145 3533">
    <p class='ocr_par' dir='ltr' id='par_1_7' title="bbox 130 3322 1145 3533">
     <span class='ocr_line' id='line_1_36' title="bbox 219 3322 1145 3394; baseline 0 -18"><span class='ocrx_word' id='word_1_288' title='bbox 219 3327 236 3376; x_wconf 80' lang='grc'>4</span> <span class='ocrx_word' id='word_1_289' title='bbox 255 3324 330 3378; x_wconf 82' lang='grc'><strong>22222</strong></span> <span class='ocrx_word' id='word_1_290' title='bbox 347 3322 470 3394; x_wconf 79' lang='lat' dir='ltr'><strong>tactum]</strong></span> <span class='ocrx_word' id='word_1_291' title='bbox 494 3322 634 3394; x_wconf 69' lang='lat' dir='ltr'><strong>legendum</strong></span> <span class='ocrx_word' id='word_1_292' title='bbox 652 3323 759 3377; x_wconf 78' lang='lat' dir='ltr'><strong>videtur</strong></span> <span class='ocrx_word' id='word_1_293' title='bbox 777 3324 853 3377; x_wconf 83' lang='grc'><strong>12222</strong></span> <span class='ocrx_word' id='word_1_294' title='bbox 871 3339 926 3377; x_wconf 87' lang='lat' dir='ltr'><strong>non</strong></span> <span class='ocrx_word' id='word_1_295' title='bbox 947 3323 1065 3390; x_wconf 78' lang='lat' dir='ltr'><strong>lactum,</strong></span> <span class='ocrx_word' id='word_1_296' title='bbox 1083 3339 1145 3377; x_wconf 82' lang='lat' dir='ltr'><strong>cum</strong></span> 
     </span>
     <span class='ocr_line' id='line_1_37' title="bbox 130 3393 1143 3462; baseline 0.001 -18"><span class='ocrx_word' id='word_1_297' title='bbox 130 3393 167 3444; x_wconf 82' lang='lat' dir='ltr'><strong>se&#39;t</strong></span> <span class='ocrx_word' id='word_1_298' title='bbox 189 3395 265 3460; x_wconf 81' lang='lat' dir='ltr'><strong>opud</strong></span> <span class='ocrx_word' id='word_1_299' title='bbox 283 3394 358 3448; x_wconf 75' lang='lat' dir='ltr'><strong>Plio.</strong></span> <span class='ocrx_word' id='word_1_300' title='bbox 376 3393 414 3460; x_wconf 88' lang='grc'><strong>11,</strong></span> <span class='ocrx_word' id='word_1_301' title='bbox 435 3399 467 3446; x_wconf 90' lang='grc'><strong>21</strong></span> <span class='ocrx_word' id='word_1_302' title='bbox 494 3395 545 3462; x_wconf 89' lang='lat' dir='ltr'><strong>(ed.</strong></span> <span class='ocrx_word' id='word_1_303' title='bbox 563 3393 654 3461; x_wconf 75' lang='grc'><strong>112212</strong></span> <span class='ocrx_word' id='word_1_304' title='bbox 684 3393 732 3460; x_wconf 89' lang='lat' dir='ltr'><strong>qui</strong></span> <span class='ocrx_word' id='word_1_305' title='bbox 754 3393 860 3447; x_wconf 76' lang='lat' dir='ltr'><strong>hebeat</strong></span> <span class='ocrx_word' id='word_1_306' title='bbox 883 3409 977 3447; x_wconf 89' lang='lat' dir='ltr'><strong>secum</strong></span> <span class='ocrx_word' id='word_1_307' title='bbox 1002 3393 1143 3447; x_wconf 84' lang='lat' dir='ltr'><strong>surculum</strong></span> 
     </span>
     <span class='ocr_line' id='line_1_38' title="bbox 132 3462 1108 3533; baseline 0.005 -21"><span class='ocrx_word' id='word_1_308' title='bbox 132 3475 167 3513; x_wconf 87' lang='lat' dir='ltr'><strong>ex</strong></span> <span class='ocrx_word' id='word_1_309' title='bbox 184 3465 277 3530; x_wconf 86' lang='lat' dir='ltr'><strong>myrto</strong></span> <span class='ocrx_word' id='word_1_310' title='bbox 296 3481 347 3518; x_wconf 90' lang='lat' dir='ltr'><strong>nec</strong></span> <span class='ocrx_word' id='word_1_311' title='bbox 365 3462 439 3518; x_wconf 87' lang='lat' dir='ltr'><strong>ferro</strong></span> <span class='ocrx_word' id='word_1_312' title='bbox 458 3478 509 3517; x_wconf 88' lang='lat' dir='ltr'><strong>nec</strong></span> <span class='ocrx_word' id='word_1_313' title='bbox 528 3467 603 3518; x_wconf 86' lang='grc'><strong>12222</strong></span> <span class='ocrx_word' id='word_1_314' title='bbox 620 3465 740 3531; x_wconf 69' lang='lat' dir='ltr'><strong>lactum</strong></span> <span class='ocrx_word' id='word_1_315' title='bbox 760 3465 795 3530; x_wconf 84' lang='lat' dir='ltr'><strong>cf.</strong></span> <span class='ocrx_word' id='word_1_316' title='bbox 814 3465 890 3519; x_wconf 79' lang='lat' dir='ltr'><strong>Puo.</strong></span> <span class='ocrx_word' id='word_1_317' title='bbox 906 3465 973 3518; x_wconf 77' lang='grc'><strong>2212.</strong></span> <span class='ocrx_word' id='word_1_318' title='bbox 989 3469 1032 3533; x_wconf 83' lang='grc'><strong>23,</strong></span> <span class='ocrx_word' id='word_1_319' title='bbox 1049 3469 1108 3518; x_wconf 82' lang='grc'><strong>163.</strong></span> 
     </span>
    </p>
   </div>
   <div class='ocr_carea' id='block_1_5' title="bbox 0 0 1277 3814">
    <p class='ocr_par' dir='ltr' id='par_1_8' title="bbox 0 0 1277 3814">
     <span class='ocr_line' id='line_1_39' title="bbox 0 0 1277 3814; baseline 0 0"><span class='ocrx_word' id='word_1_320' title='bbox 0 0 1277 3814; x_wconf 95' lang='lat' dir='ltr'><strong> </strong></span> 
     </span>
    </p>
   </div>
  </div>
 </body>
</html>
