2542 3796
560 128 801 191 —174-

120 298 153 348 25
261 287 344 348 Alter
363 288 498 367 pastillus
512 287 548 348 ad
564 291 717 367 sanguinis
732 291 919 367 eruptionem
933 289 1058 350 mirifice
1073 288 1186 350 iaciens

173 379 281 456 accipit
303 377 387 439 haec:
423 376 618 454 Tragacanthi
642 375 666 436 Χ
692 376 781 457 Vllll,
808 377 923 457 Samiae
951 385 1049 438 cretae
1076 376 1101 437 Χ
1125 375 1185 456 Vll,

172 473 257 526 rutae
281 464 421 526 Ponticae
444 464 469 524 Χ
488 463 578 545 Vllll,
609 464 809 545 glycyrrhizae
837 467 902 546 suci
925 464 950 526 Χ
969 465 1006 545 V,
1035 466 1184 546 symphyti

172 556 238 614 suci
261 552 286 613 Χ
305 551 365 634 Vll,
388 555 516 632 gummis
540 552 565 614 Χ
584 553 647 634 llll,
669 553 871 633 hypocistidos
895 556 960 615 suci
979 552 1004 614 Χ
1024 552 1083 634 Vll,
1106 557 1184 615 turis

172 641 197 701 Χ
216 641 253 724 V,
280 641 419 703 aluminis
446 642 550 721 liquidi
575 640 600 702 Χ
619 641 656 722 V,
684 644 745 720 opii
769 642 794 705 Χ
812 642 844 723 V,
872 642 958 722 amyli
983 642 1008 702 Χ
1028 641 1077 723 Vl,
1106 660 1211 722 myro

170 748 221 790 rae
249 729 333 812 llV,
362 732 443 791 croci
471 729 583 812 iiVll,
615 731 792 810 plantaginis
821 733 885 792 suci
913 730 938 790 Χ
968 730 1008 790 lll
1041 738 1071 791 et
1102 734 1182 810 passi

169 817 286 898 Myconi
311 819 389 898 quod
414 821 485 880 satis
509 820 568 879 erit
590 821 670 879 tritis
691 818 849 898 diligenter
869 837 958 899 supra
978 820 1098 897 seriptis
1117 837 1182 898 spe·

170 906 274 968 ciebus
297 906 481 988 miscebitur,
505 909 577 967 fient
599 906 708 986 pastilli
732 907 767 967 ad
787 907 924 969 denarius
943 907 1077 986 singulos
1097 916 1127 968 et
1145 907 1180 968 ad

169 997 318 1076 semisses,
342 998 393 1075 qui
416 1015 471 1075 pro
495 1004 589 1056 aetate
608 1004 660 1056 aut
678 995 792 1056 viribus
811 997 921 1056 infirmi
939 1015 975 1056 ex
995 1013 1089 1075 aquae
1107 999 1181 1076 tepi-

86 1135 87 1138 ,
169 1083 223 1145 dae
246 1085 359 1163 cyathis
382 1084 480 1144 tribus
503 1086 603 1145 ieiuno
627 1083 785 1145 dabuntur.
1195 1103 1222 1143 io

115 1181 149 1230 26
258 1172 518 1232 coniectionem
542 1174 694 1250 sanguinis
722 1191 757 1232 ex
786 1189 838 1232 ore
862 1173 1010 1233 manantis
1034 1173 1181 1252 symphyti

168 1260 252 1320 radix
280 1262 312 1320 iu
339 1262 407 1321 vino
435 1260 557 1321 decocta
581 1260 741 1321 salubriter
766 1260 892 1342 bibitur,
919 1259 1038 1339 ligustri
1062 1279 1180 1340 quoque

168 1365 273 1408 sucum
301 1350 401 1409 ieiuno
424 1349 639 1428 pertriduum
668 1349 750 1430 dato,
778 1351 877 1410 statim
906 1348 1077 1430 subvenies,
1104 1367 1180 1428 quiae

115 1447 149 1495 aa
168 1451 217 1496 res
241 1444 270 1517 et
293 1439 465 1498 torminosis
488 1445 518 1498 et
542 1437 730 1517 dysintericis
753 1446 799 1498 est
822 1436 958 1498 salubris.
992 1437 1023 1497 Si
1046 1455 1081 1498 ex
1107 1456 1178 1516 quo·

168 1543 295 1604 cumque
328 1528 462 1604 corporis
494 1525 559 1586 loco
592 1527 712 1605 sanguis
739 1544 794 1605 per
821 1525 1030 1587 abundantiam
1058 1527 1221 1587 nimiam15

146 1612 311 1674 sexuberet
330 1622 360 1674 et
378 1613 459 1696 lluat,
480 1613 590 1675 herbae
609 1613 735 1675 Sabinae
754 1633 854 1696 sucus,
873 1622 1001 1693 quantus
1020 1613 1178 1696 videbitur,

167 1703 228 1762 sive
256 1702 359 1763 viridis
387 1705 449 1764 sive
477 1706 574 1764 siccae
604 1705 748 1764 contritae
779 1721 814 1764 ex
848 1705 915 1763 vino
947 1705 1045 1781 picato
1079 1711 1178 1764 vetere

166 1792 278 1870 optimo
305 1793 405 1852 ieiuno
434 1810 488 1871 per
520 1791 654 1853 triduum
686 1791 818 1872 dabitur3
850 1790 965 1852 sanabit
992 1791 1065 1852 haec
1095 1794 1178 1870 potio

166 1881 253 1940 etiam
277 1881 308 1940 in
331 1882 408 1940 vitae
432 1881 603 1942 discrimine
627 1883 831 1942 constitutum.
868 1879 952 1941 Facit
974 1887 1073 1940 autem
1092 1887 1123 1940 et
1141 1879 1177 1941 ad

165 1967 275 2028 colicos
304 1975 334 2028 et
361 1969 397 2029 ad
428 1969 638 2050 dysintericos,
666 1968 775 2047 quibus
803 1977 902 2029 tamen
930 1967 1052 2029 decocta
1080 1968 1177 2030 datur.
1192 1989 1219 2030 eo

112 2066 145 2114 28
165 2055 221 2127 Qui
245 2055 345 2117 subito
369 2060 521 2136 sanguinis
543 2059 656 2118 vomitu
679 2056 808 2139 laborat,
835 2055 989 2118 corallium
1016 2065 1176 2118 contusum

164 2154 194 2206 et
222 2147 253 2205 in
282 2145 433 2224 pulverem
461 2145 615 2206 redactum
643 2163 678 2205 ex
706 2147 826 2224 potione
849 2147 940 2206 mixta
964 2144 1071 2206 calida.
1086 2145 1177 2207 bibat.

111 2243 144 2292 29
252 2233 296 2293 lo
321 2236 462 2294 vomitum
490 2235 615 2294 nimium
641 2234 865 2312 reprimendum
888 2233 1019 2313 sulpuris
1042 2235 1100 2294 vivi
1123 2253 1176 2314 pu·

164 2319 262 2382 sillum
286 2329 316 2381 et
338 2339 474 2382 rasamen
498 2322 534 2383 de
558 2340 653 2383 cornu
676 2323 757 2383 cerri
779 2322 954 2383 tantundem
981 2324 1013 2382 in
1036 2341 1092 2383 ovo
1114 2341 1176 2383 sor·

110 2421 144 2470 30
163 2408 216 2469 bili
238 2411 342 2470 tritum
367 2418 397 2470 et
418 2413 598 2489 permixtum
615 2409 685 2471 -bibi
707 2410 780 2471 utile
804 2418 857 2472 est.
903 2409 970 2491 His,
999 2412 1051 2490 qui
1074 2410 1174 2472 cibum
1189 2430 1217 2472 ru

163 2515 223 2558 non
247 2499 410 2580 continent,
433 2497 512 2559 aloes
536 2501 691 2560 minimum
715 2517 784 2559 curn
802 2499 909 2578 frigida
928 2517 1003 2578 aqua
1021 2501 1106 2578 potui
1125 2500 1175 2560 da·

108 2598 141 2645 31
163 2595 226 2647 turn
249 2585 411 2665 plurimum
434 2587 565 2666 prodest.
597 2587 800 2649 Personaceae
819 2587 929 2649 herbae
947 2587 1030 2648 radix
1049 2597 1175 2650 contusa

162 2674 276 2736 adiecto
300 2675 417 2736 modico
441 2675 501 2736 sale
525 2684 555 2737 et
577 2678 645 2736 vino
668 2694 770 2755 sparsa
798 2684 829 2737 et
856 2675 977 2738 cottidie
1000 2694 1107 2738 recens
1130 2679 1175 2737 in·

161 2766 256 2842 posita
280 2782 371 2842 super
394 2772 541 2825 tumorem
566 2764 709 2826 stomachi
732 2766 861 2826 vomicas
885 2782 988 2826 omnes
1011 2783 1066 2843 per
1085 2765 1174 2826 sudo-

108 2863 142 2912 32
162 2870 225 2912 rem
248 2854 509 2932 emanationesque
533 2852 664 2914 occultas
686 2860 825 2933 potenter
848 2861 1001 2932 expurgat.
1037 2852 1172 2914 blandra-
1187 2873 1215 2913 eo

160 2958 249 3019 gorae
273 2941 361 3021 drafy,
384 2941 552 3022 hyoscyami
575 2942 759 3022 tantundem,
782 2944 960 3021 opopanacis
980 2941 1068 3023 idem,
1092 2945 1173 3004 croci

162 3027 254 3090 Siculi
282 3029 469 3112 tantundem,
501 3048 617 3111 myrrae
645 3027 741 3112 atque'
762 3031 839 3091 turis
867 3028 1017 3111 similiter,
1044 3033 1174 3108 gummis

250 3200 329 3270 3er
331 3200 445 3256 cerizae.
537 3219 569 3285 sy
571 3201 680 3326 iahiii.
771 3201 887 3255 boerbc
910 3199 970 3270 opii
988 3197 1062 3268 XV,
1085 3201 1186 3280 amyli

159 3269 247 3340 xvi,
266 3289 294 3324 m
294 3287 376 3342 yrree
394 3270 469 3340 XV,
488 3273 562 3327 croci
619 3271 671 3326 VIl
690 3287 740 3326 om.
828 3271 971 3326 imieoni.
1057 3269 1186 3326 acone.

160 3347 192 3396 11
212 3343 357 3412 symphiti
445 3349 478 3396 14
496 3343 678 3399 disentericis.
760 3347 795 3396 20
814 3340 1000 3396 disinterieos.
1073 3345 1108 3395 24
1126 3357 1174 3395 ra

159 3412 409 3552 {bmrbfflscrsbffinfi
429 3413 587 3470 Ooruarim.
643 3417 678 3468 25
698 3414 742 3468 eet
754 3418 819 3482 post
836 3411 906 3466 utile
924 3428 974 3468 om.
1026 3417 1060 3466 26
1078 3413 1172 3482 potui.
