2636 3790
479 130 696 192 ..47-

78 293 185 351 simum
205 289 324 350 redacta
344 293 491 369 permisce
510 301 599 370 atque
619 293 650 352 in
669 290 775 353 balneo
796 293 922 354 ferventi
941 295 980 354 ita
998 301 1093 374 utere,

77 389 109 440 ut
133 380 252 439 tertiam
275 387 389 457 partem
413 380 544 459 pulveris
563 381 600 440 de
620 399 710 460 snpra
734 383 843 460 scripta
864 401 1002 443 mensura
1026 401 1091 462 spe-

77 469 193 528 cierum
216 469 316 528 mittas
341 471 370 528 in
395 477 485 547 caput
508 476 538 529 et
560 469 706 547 perfrices
730 469 780 530 diu
805 487 839 530 ac
863 470 1033 551 diligenter,
1059 483 1092 533 ut

74 574 130 635 per
159 556 299 617 sudorem
328 556 460 638 digeras3
491 565 593 636 postea
622 575 697 637 aqna
725 557 825 638 tepida
848 557 928 619 laves
950 571 1040 638 caput
1063 569 1093 622 et

50 647 107 705 sin
136 645 273 722 frigidam
301 663 418 724 mergas
446 654 477 706 et
504 665 605 706 crasso
634 646 743 707 sabano
771 645 930 726 diligenter
957 645 1091 709 siccabis.

74 733 118 794 hd
143 741 278 794 reumata
301 737 418 813 eapitis:
455 734 576 814 Talpam
606 737 636 795 in
665 753 733 795 vaso
761 735 846 796 fictili
873 735 973 797 clauso
996 739 1037 796 ita
1061 740 1128 799 ina

74 823 164 883 furno
189 829 313 903 torreto,
336 831 369 883 ut
392 825 603 884 tenuissimum
626 824 780 902 pulverem
804 843 840 884 ex
864 843 898 884 ea
919 825 1018 904 iacias,
1042 827 1092 886 cui

75 911 167 971 addes
198 909 350 990 pulverem
379 913 490 992 piperis
519 911 576 972 albi
605 931 641 972 ex
667 914 767 990 granis
791 913 893 973 decem
918 923 948 973 et
971 922 1038 974 octo
1062 923 1092 974 et

75 999 212 1060 cocleare
235 1018 328 1061 unum
353 1000 389 1061 de
413 1019 486 1062 suco
510 1003 607 1062 ocimi.
644 999 685 1060 De
706 1018 764 1080 quo
784 1001 978 1062 medicamine
998 1001 1091 1083 dabis,

39 1106 60 1145 ro
74 1090 124 1150 cui
146 1087 326 1149 medendum
350 1091 417 1170 erit,
440 1093 471 1149 in
493 1091 614 1168 potione
635 1091 696 1150 vini
716 1092 825 1150 veteris
844 1090 937 1151 calida
956 1090 1090 1152 cocleare

74 1196 177 1258 unum,
200 1179 241 1236 ita
267 1180 352 1238 utin
375 1177 490 1253 balneo,
514 1180 545 1238 in
569 1197 627 1257 quo
649 1197 811 1258 numquam
831 1178 901 1240 lavit
921 1197 976 1240 nec
995 1179 1091 1241 lautu·

73 1283 127 1326 rus
156 1269 209 1345 sit,
237 1267 268 1325 in
297 1266 370 1327 solio
399 1267 564 1328 remedium
592 1269 718 1345 accipiat
745 1277 775 1328 et
800 1270 975 1347 interposito
1000 1268 1091 1330 biduo

73 1354 198 1415 alternis
222 1356 331 1416 iterum
354 1357 488 1434 accipiat.
532 1355 590 1416 Sed
614 1359 664 1417 cui
687 1356 818 1417 remedio
842 1375 918 1436 opus
941 1365 1000 1437 est,
1024 1357 1091 1416 XIX

73 1444 169 1504 ferme
201 1442 307 1504 diebus
333 1447 469 1522 porcina,
502 1443 662 1523 liquamine
695 1453 725 1506 et
754 1444 904 1506 holeribus
934 1445 1090 1507 abstineat.

33 1547 57 1588 15
72 1531 116 1591 Ad
141 1531 221 1591 idem
245 1532 426 1594 trochiscus:
452 1533 539 1593 Croci
562 1533 717 1594 drachmas
741 1533 827 1613 duas,
851 1552 967 1613 myrrae
993 1565 1034 1578 —-
1055 1533 1090 1615 ll,
1109 1548 1125 1596 3

72 1619 242 1681 chalcanthi
264 1620 354 1700 -ll,
377 1623 541 1700 cymini-
557 1621 591 1696 ll,
611 1625 660 1701 opi
686 1621 842 1682 drachmas
860 1621 896 1702 ll,
915 1624 993 1682 turis
1014 1655 1052 1665 -
1069 1623 1091 1701 l,

73 1711 321 1786 crocomagmatis
350 1709 505 1770 drachmas
531 1709 571 1790 ll,
604 1711 742 1771 aluminis
772 1711 859 1770 scissi
882 1742 924 1752 —
944 1709 964 1769 l.
1010 1709 1090 1770 llaec

73 1799 174 1857 omnia
203 1799 329 1858 contrita
358 1800 561 1859 austerissime
585 1801 653 1858 vino
676 1797 885 1877 permiscehis,
915 1806 948 1857 ut
972 1800 1031 1858 sint
1054 1797 1090 1858 ad

73 1885 305 1947 crassitudinem
326 1886 429 1967 mellis,
450 1896 478 1948 et
498 1888 566 1948 inde
586 1888 714 1947 frontem
733 1887 909 1947 densissime
925 1887 1091 1965 superlines

31 1991 58 2030 ao
73 1993 172 2054 nsque
196 1973 232 2034 ad
256 1974 390 2056 capillos,
417 1978 587 2036 intermissa
611 1977 715 2036 semita
739 1993 831 2054 super
853 1992 973 2055 nasum,
1004 1993 1088 2054 prac-

72 2064 156 2125 cluso
187 2065 265 2122 enim
294 2065 415 2145 itinere,
446 2064 524 2144 quod
558 2064 593 2125 ad
627 2063 730 2124 oculos
763 2065 861 2124 umori
890 2071 992 2140 patere
1020 2081 1089 2123 con-

72 2160 224 2232 sueverat,
253 2154 328 2214 viam
356 2153 461 2233 iacies,
490 2172 547 2231 qua
575 2154 612 2213 de
641 2153 765 2214 cerebro
792 2169 847 2230 per
874 2169 962 2211 nares
991 2150 1089 2212 iluxus

72 2243 170 2301 omnis
190 2249 314 2321 emanat,
338 2251 368 2302 et
390 2241 460 2302 hinc
484 2251 648 2321 perpetuus
672 2241 816 2303 decursus
841 2241 901 2321 fiet,
924 2257 983 2319 quo
1008 2257 1088 2301 umo-

71 2348 121 2390 res
151 2329 305 2390 0culorum
334 2329 370 2390 ab
398 2332 479 2390 omui
502 2331 694 2392 inundatione
718 2332 877 2391 siccentur.
920 2327 981 2389 Hac
1004 2347 1089 2390 cura·

33 2433 57 2472 2⁵
71 2421 154 2479 tione
178 2419 209 2477 in
233 2427 410 2497 perpetuum
434 2419 580 2498 lippitudo
604 2417 813 2479 removebitur.
856 2417 913 2478 Sed
934 2417 989 2498 his,
1013 2435 1088 2497 quos

72 2509 199 2568 nimium
222 2525 325 2567 reuma
353 2510 465 2568 umoris
494 2507 625 2588 urgebit,
653 2527 690 2568 ex
718 2515 801 2568 aceto
829 2509 892 2568 acri
919 2505 1088 2567 trochiscus

72 2613 164 2674 supra
193 2597 322 2673 scriptus
349 2598 519 2675 inponatur.
560 2597 604 2657 tu
628 2595 842 2657 destillationes
865 2595 1123 2674 perfrictiones-4

71 2703 131 2764 que
156 2692 187 2744 et
210 2684 396 2762 gravedines:
441 2684 616 2764 Cyclaminis
640 2685 758 2765 herbae,
782 2703 857 2763 quae
881 2683 985 2744 Latine
1009 2683 1087 2744 orbi·

72 2773 185 2834 cularis
217 2772 341 2854 dicitur,
376 2773 506 2834 radicem
540 2791 630 2852 supra
662 2773 807 2834 carbones
840 2771 958 2833 cultello
992 2771 1088 2833 redito

33 2875 57 2916 ao
72 2863 249 2939 fumumque
268 2863 332 2921 eius
352 2864 478 2922 ramenti
497 2862 619 2923 naribus
637 2861 756 2923 trahite.
788 2859 963 2940 Hyoscyami
982 2861 1086 2921 drach·
1107 2875 1124 2922 o

71 2968 136 3010 mas
164 2948 251 3029 duas,
279 2952 337 3028 apii
365 2953 486 3011 seminis
514 2950 590 3012 bene
616 2953 733 3030 purgati
757 2949 912 3011 drachmas
936 2957 1088 3028 quattuor,

70 3037 174 3099 anethi
201 3037 277 3098 bene
305 3040 424 3117 purgati
451 3039 621 3100 drachmam
645 3057 748 3119 unam,
772 3041 832 3118 opii
854 3038 971 3118 pondus
995 3041 1088 3099 ricto·

70 3129 140 3187 riati
168 3128 302 3205 argentei
329 3130 432 3208 unius,
464 3128 537 3189 haec
570 3131 667 3188 omnia
702 3129 773 3188 trita
805 3136 836 3188 et
863 3126 992 3188 cribrata
1022 3145 1088 3205 per-

70 3217 198 3276 misceto
228 3222 257 3275 et
281 3233 317 3275 ex
340 3233 415 3294 aqua
439 3215 571 3295 pastillos
595 3224 760 3294 temperato
784 3225 873 3295 atquc
897 3234 933 3275 ex
958 3215 1004 3274 his
1028 3217 1087 3274 sin-

33 3303 160 3385 tougulos
184 3305 216 3363 in
235 3321 328 3382 aquae
347 3304 458 3364 calidae
477 3305 589 3385 cyathis
609 3305 735 3385 duobus,
759 3322 827 3364 cum
846 3305 1006 3364 dormitum
1025 3301 1088 3380 ibit,

71 3396 121 3453 cni
146 3391 326 3453 medendum
349 3395 420 3473 crit,
450 3397 534 3470 potui
557 3394 633 3454 dato.
675 3392 816 3454 Eiusdem
840 3389 949 3451 herbae
974 3388 1089 3448 radices

72 3484 98 3542 si
129 3481 336 3560 decoquantur
365 3499 516 3560 sucusque
545 3498 646 3542 earnm
675 3480 711 3541 ad
740 3477 967 3540 crassitudinem
994 3474 1089 3535 mellis
