2518 3806
477 120 719 186 -355-

91 288 211 362 oportet
238 281 274 342 ad
302 282 398 344 mellis
426 283 651 362 spissitudinem
678 293 766 364 atque
793 287 834 345 ita
861 286 967 364 pyxide
995 305 1103 348 cornea

91 371 206 448 reponi.
242 369 347 431 Melius
371 389 441 431 sane
465 381 511 431 est
534 389 639 432 recens
662 372 719 432 hoc
738 373 993 456 medicamentum,
1017 379 1103 438 cuius

91 477 167 519 usus
190 458 256 520 talis
279 467 338 520 est:
362 458 393 519 ld
417 462 524 540 ipsum,
548 461 626 539 quod
651 461 830 522 destinatum
854 464 912 523 erit
936 465 999 524 sine
1020 464 1102 525 'lerro

91 546 170 627 tolli,
202 547 232 607 id
260 549 325 626 ipso
359 547 489 626 specillo.
512 548 549 608 de
576 548 634 609 boc
667 550 859 610 medicamine
893 551 1042 612 oblinatur
1073 561 1104 612 et

64 651 163 697 acum
191 637 263 696 satis
290 637 375 716 niger
402 636 499 716 locus,
527 639 577 697 cui
603 639 770 719 inponitur,
798 646 828 699 et
856 641 941 718 quasi
963 649 1104 718 perustus

91 726 175 784 risus
194 725 293 798 luerit,
314 733 379 785 tum
398 724 547 804 oportebit
565 744 625 786 non
644 727 716 804 poni
734 726 991 807 medicamentum,
1015 729 1103 788 immo

92 815 183 873 etiam
205 812 370 892 abstergeri
398 821 428 873 et
450 831 557 892 panem
581 832 616 874 ex
640 833 715 894 aqua
738 823 769 875 et
791 833 859 875 rosa
882 816 1052 876 coniectum
1074 824 1105 876 ct

92 903 197 962 tritum
221 903 331 980 inponi.
367 900 430 962 Hoc
449 909 480 963 et
498 909 628 964 strumas
647 910 738 982 sanat,
762 911 919 984 antequam
939 921 1103 983 suppuren-

92 999 151 1051 tur.
193 988 318 1068 Oportet
339 997 447 1072 autem,
471 1009 538 1052 cum
562 989 618 1052 boc
642 991 890 1053 medicamentum
914 1001 1045 1053 crustam
1063 992 1103 1052 ie·

50 1095 78 1135 10
93 1079 170 1139 eerit
192 1081 223 1138 in
247 1080 378 1159 strumis,
402 1079 515 1140 nullum
539 1079 618 1140 aliud
642 1080 785 1142 adhiberi.
825 1081 898 1142 Cum
917 1099 987 1140 vero
1006 1080 1103 1159 aliqua
1123 1095 1156 1145 tt

92 1185 163 1246 pars
186 1166 288 1228 talium
312 1166 446 1228 locorum
471 1171 680 1248 suppuraverit
703 1177 733 1230 et
753 1169 876 1229 timidus
895 1169 985 1229 luerit
1004 1169 1104 1248 quiid

92 1257 206 1334 patitur
229 1257 379 1337 sectionis,
402 1264 467 1316 tum
489 1259 571 1317 visco
590 1257 824 1337 quamplurimo
844 1256 1027 1317 medicamen
1046 1255 1104 1317 col·

92 1342 146 1422 ligi
168 1353 199 1404 et
221 1343 392 1423 conglobari
419 1352 509 1424 atque
536 1347 576 1406 ita
605 1346 713 1425 adponi
736 1344 885 1424 oportebit
912 1347 944 1405 in
972 1345 1050 1405 aluta
1073 1347 1105 1404 in

93 1439 210 1492 tantum
230 1435 358 1511 spatium
375 1435 580 1512 circumsecta,
599 1443 742 1512 quantum
757 1434 863 1494 modus
877 1433 987 1494 ulceris
1001 1433 1104 1512 iueril3

52 1535 79 1577 rs
95 1538 130 1579 ca
154 1537 224 1578 sane
247 1527 330 1598 parte
353 1529 490 1601 ponetur,
513 1540 571 1599 qua
590 1531 691 1600 aptum
711 1524 768 1581 erit
786 1522 872 1582 ulcus
890 1523 1008 1598 aperiri.
1041 1519 1105 1580 lloc

94 1625 149 1686 ego
173 1607 387 1667 medicamento
411 1626 498 1686 saepe
523 1608 653 1669 diutinos
677 1609 794 1670 dolores
817 1610 905 1668 etiam
926 1610 1057 1686 pectoris
1075 1617 1106 1668 et

94 1695 196 1756 lateris
215 1705 245 1756 et
262 1694 431 1755 lumborum
452 1696 568 1776 sustuli,
587 1716 654 1757 cum
674 1697 710 1757 ad
729 1696 844 1757 nullum
863 1696 943 1756 aliud
962 1695 1104 1774 malagma

94 1784 179 1844 dolor
199 1784 332 1864 cederet3
351 1783 519 1844 exulcerata
538 1787 616 1844 enim
635 1793 719 1863 parte
737 1787 881 1863 cuiusque
901 1784 1028 1845 dolentis
1047 1784 1105 1844 loci

95 1891 164 1934 cum
186 1871 341 1932 umoribus
363 1880 466 1951 postea
489 1874 593 1933 vitium
617 1891 704 1933 omne
728 1872 877 1934 sublatum
900 1880 954 1934 est.

53 1977 81 2017 ao
167 1959 303 2042 ,Varices
335 1968 419 2021 curat
452 1969 481 2021 et
509 1961 600 2040 adeps
628 1961 806 2040 gallinaceus
838 1979 906 2022 cum
934 1979 1007 2039 cepa
1034 1963 1157 2025 tritara

94 2051 241 2127 inpositus
269 2048 314 2108 vel
343 2050 507 2128 perductus
533 2050 666 2112 adsidue.
707 2049 847 2111 Articulis
870 2049 979 2110 luxatis
1002 2067 1104 2109 sevum
1124 2063 1157 2114 79

93 2137 216 2216 pecudis
240 2139 469 2218 cuiuscumque
480 2157 548 2202 cum
569 2141 670 2200 cinere
689 2139 726 2199 dc
745 2137 849 2217 capillo
870 2136 1009 2199 muliebri
1027 2137 1104 2198 iacto

93 2226 238 2286 medetur.

183 2313 337 2375 Frumenti
360 2333 451 2393 grana
475 2314 552 2374 Vllll
574 2317 606 2375 in
625 2315 723 2394 tegula
742 2315 880 2376 candenti
898 2313 1056 2375 combures
1075 2323 1105 2374 et
1123 2328 1158 2378 80

54 2417 80 2459 aa
94 2403 125 2462 in
149 2404 280 2462 cinerem
303 2404 421 2482 rediges
445 2412 474 2464 et
498 2405 607 2482 cymini
630 2404 709 2482 quod
733 2402 849 2464 duobus
872 2403 973 2482 digitis
997 2402 1104 2482 pollice

95 2498 125 2550 et
151 2490 319 2550 medicinali
346 2499 449 2551 tenere
475 2494 623 2572 potueriS,
651 2491 787 2552 similiter
811 2492 958 2562 urendum
980 2493 1011 2551 in
1035 2510 1103 2552 can·

95 2578 177 2638 denti
199 2578 298 2656 tegula
321 2597 414 2658 pones
438 2587 468 2640 et
491 2579 527 2640 de
551 2589 631 2640 terra
655 2580 733 2658 qtrod
758 2580 854 2641 tribus
878 2581 977 2659 digitis
1000 2587 1103 2640 tenere

95 2668 227 2744 potueris
255 2666 345 2727 addes
378 2686 494 2728 necnon
522 2676 552 2728 et
583 2667 688 2728 laseris
721 2669 882 2748 modicum,
912 2669 990 2747 quod
1025 2671 1104 2728 inter

5 2733 6 2804 Ῐ
95 2755 169 2814 duos
193 2755 300 2832 digitos
325 2763 436 2834 teneas,
459 2757 569 2817 adicies
588 2757 677 2835 idque
697 2759 808 2835 pariter
827 2765 964 2817 conteres
988 2766 1017 2817 et
1035 2759 1103 2816 vino

54 2842 311 2992 soppirlrgltptsipabis
340 2853 370 2905 et
397 2845 432 2904 ad
461 2844 574 2905 clavum
601 2845 743 2925 adpones3
772 2845 802 2906 id
826 2849 913 2906 etiam
937 2844 1102 2906 furunculis

182 3019 224 3079 lle
252 3020 319 3080 limo
345 3019 419 3099 pulli
442 3019 594 3098 gallinacei
618 3021 697 3101 quod
720 3021 845 3082 rubrum
869 2999 960 3081 luerit
982 3019 1102 3097 colliges
1121 3033 1155 3082 81

95 3115 124 3168 et
151 3108 282 3186 adpones
310 3107 438 3168 clavellis
466 3116 554 3188 atque
582 3109 651 3170 inde
680 3127 731 3170 eos
760 3112 877 3189 saepius
900 3108 990 3188 lines,
1018 3107 1102 3167 rebe-

94 3203 210 3256 menter
231 3195 408 3256 medebitur.

182 3329 249 3384 3th
268 3329 372 3400 ipsum]
390 3329 494 3399 itaque.
548 3330 703 3399 topicillo.
756 3335 786 3383 11
807 3329 940 3383 tumidus.
993 3335 1025 3384 16
1044 3329 1102 3384 diu·

94 3401 176 3455 tinus.
259 3407 292 3455 19
311 3401 481 3456 humoribus.
565 3419 684 3458 omnem.
767 3406 801 3454 2⁵
821 3399 920 3455 cinam.
998 3401 1101 3458 cimini.

6 3489 7 3508 ¹
95 3477 128 3525 30
146 3471 316 3540 pnruncnlis.

888 3561 943 3614 23²
