2540 3802
493 136 730 200 —219-

101 301 226 361 iacentis
249 307 385 377 ponatur.
421 297 493 358 Post
515 297 618 358 horam
642 317 731 376 qnam
754 298 810 358 hoc
834 299 941 358 leceris
965 299 1002 358 de
1022 298 1115 358 nardo

102 388 202 466 tepido
231 387 416 448 stomachum
444 386 621 464 perlricabis
649 395 679 446 et
706 387 742 446 de
772 387 880 446 sabano
906 387 987 446 molli
1010 386 1115 448 leviter

102 475 281 555 detergebis,
305 475 412 535 deinde
435 475 587 534 infirmnm
611 475 800 535 deambulare
824 476 924 534 iacies.

190 563 343 625 Confectio
367 563 559 643 epithematii,
583 564 660 642 qnod
685 564 830 624 stomachi
852 569 984 623 vetustas
1005 575 1167 624 causastto

71 653 239 713 semendat
262 661 292 712 et
315 652 351 712 ad
376 653 572 730 digestionem
595 653 763 712 confirmat:
789 651 902 731 Geram,
925 669 1027 711 sevum
1051 658 1114 711 tan-

100 744 214 821 rinum,
243 741 401 800 medullam
432 743 593 820 cervinam,
623 743 779 819 axungiam
808 748 952 820 veterem,
984 741 1114 799 resinam

100 829 340 908 terebinthinam,
363 829 471 889 horum
495 830 627 907 pondera
651 829 766 906 singula
785 828 916 906 aequalia
935 830 1044 908 mittes,
1065 828 1113 887 de-

101 917 171 977 inde
195 917 303 976 adicies
328 916 423 977 mellis
450 950 487 959 -
508 917 557 996 ΙΙΙ,
581 920 712 977 masticis
737 950 777 960 —
799 916 852 998 ΙΙΙ,
876 935 951 996 qnae
975 916 1113 994 liquanda

100 1005 213 1066 inerint
236 1005 363 1084 liquabis
388 1013 418 1065 et
441 1023 515 1083 qnae
535 1006 686 1066 tundenda
705 1005 813 1065 tundes
833 1015 862 1065 et
881 1007 923 1065 sic
945 1005 1113 1065 confectum

57 1111 87 1150 1o
100 1095 286 1154 medicamen
309 1096 340 1153 in
363 1093 454 1153 linteo
478 1093 644 1171 adponetur
668 1093 834 1175 stomacho,
858 1093 937 1172 quod
962 1103 1029 1154 ante
1053 1110 1113 1152 mo·

100 1194 235 1244 mentum
258 1182 376 1261 prandii
399 1181 533 1242 subtrahi
556 1185 702 1242 convenit.

188 1271 263 1331 Item
283 1269 361 1330 alind
381 1271 537 1350 epithema,
552 1271 631 1348 quod
646 1271 806 1331 efficaciter
822 1270 945 1349 prodest
959 1269 1167 1330 stomachorer

11 1357 12 1366 ’
101 1369 131 1419 et
154 1358 333 1420 visceribus:
357 1358 488 1418 Storacis
511 1359 603 1438 -ΙΙ,
627 1359 706 1419 aloes
732 1393 769 1401 -
787 1359 823 1439 ΙΙ,
846 1358 1015 1436 petrosilini
1038 1357 1114 1437 -Ι,

102 1465 188 1508 cerae
206 1447 238 1508 P.
257 1447 279 1528 Ι,
302 1447 386 1507 nardi
405 1447 436 1508 P.
456 1447 477 1528 Ι,
502 1449 633 1508 masticis
654 1480 696 1490 —
713 1445 749 1527 ΙΙ,
775 1449 891 1506 resinae
911 1448 1015 1507 frictae
1034 1445 1064 1506 P.
1085 1445 1114 1526 S,

56 1550 87 1592 16
101 1537 218 1596 resinae
245 1535 463 1596 terebinthinae
490 1567 526 1579 -
553 1536 593 1616 ΙΙ,
621 1555 696 1615 qnae
724 1535 863 1614 liquanda
889 1543 960 1595 sunt
986 1533 1114 1613 liquabis

101 1631 132 1684 et
155 1642 230 1702 qnae
249 1625 399 1684 tundenda
423 1623 530 1684 tundes
554 1632 584 1684 et
606 1624 801 1702 permiscebis
825 1632 855 1684 et
878 1625 921 1683 sic
945 1623 1115 1683 coniectum

100 1712 284 1773 medicamen
308 1713 444 1773 similiter
467 1713 558 1772 linteo
582 1713 738 1773 inductum
761 1711 913 1772 stomacho
937 1711 1076 1789 adpones

189 1802 233 1861 Ad
261 1802 495 1861 confirmandum
525 1801 709 1861 stomachum
733 1801 779 1860 vel
807 1800 1056 1878 conservandum,
1085 1801 1168 1859 si148

101 1891 168 1969 quis
195 1891 346 1950 infirmum
374 1889 463 1950 habet
491 1891 528 1950 de
556 1897 717 1968 quartanae
745 1888 862 1969 labore,
890 1889 1114 1969 epithemptium

55 1993 87 2032 20
101 1985 204 2056 tenne:
236 1979 387 2057 dxnngiae
410 1980 564 2056 porcinae,
588 1978 701 2057 butyri,
724 1979 840 2038 resinae
863 1977 981 2056 frictae,
1004 1976 1114 2036 herbae

101 2067 235 2146 Sabinae,
259 2085 344 2127 cerae
364 2067 447 2127 rusae
467 2067 557 2127 libras
577 2067 717 2146 singulas,
735 2084 874 2126 cerussae
896 2099 933 2108 -
955 2065 1004 2145 ΙΙΙ,
1028 2083 1114 2124 cerae

99 2154 239 2216 Ponticae
264 2187 306 2198 -
326 2154 373 2215 ΙΙΙ.
414 2155 493 2216 Haec
517 2157 614 2216 omnia
638 2173 773 2215 seorsum
797 2161 898 2233 parata
920 2153 1061 2214 miscebis
1085 2160 1115 2212 et

100 2244 190 2304 simul
213 2244 362 2323 decoquas
386 2252 416 2304 et
439 2246 481 2304 sic
505 2245 608 2304 uteris.

189 2331 356 2410 Descriptio
374 2331 530 2411 Polyarchi
554 2332 589 2393 ad
611 2331 797 2392 stomachum
820 2338 889 2409 post
911 2329 1041 2390 diutinas
1067 2329 1107 2390 fe·
1115 2339 1165 2388 149

54 2436 84 2475 2⁵
99 2419 198 2482 brium
222 2420 372 2482 molestias
396 2421 647 2499 componendum:
674 2420 775 2481 Casiae
798 2417 881 2499 -1,
906 2437 991 2478 rosae
1015 2420 1111 2478 siccae

98 2541 144 2552 -
171 2509 197 2590 Ι,
225 2511 327 2589 cyperi
357 2543 395 2552 —
428 2509 453 2590 Ι,
482 2509 661 2569 cardamomi
691 2541 729 2551 -
760 2508 785 2587 Ι,
815 2506 1004 2568 nardostachi
1030 2539 1066 2550 -
1093 2506 1115 2587 Ι,

99 2597 186 2658 nardi
201 2597 304 2659 Celtici
322 2629 359 2640 -
376 2597 397 2678 Ι,
412 2597 588 2658 malabathri
605 2629 642 2642 -
659 2597 681 2678 Ι,
696 2599 749 2656 iris
763 2597 897 2676 illyricae
914 2629 952 2638 —
969 2595 990 2675 Ι,
1006 2613 1114 2655 oenan-

99 2686 166 2746 thes
194 2719 230 2728 -
253 2685 278 2768 Ι,
301 2688 434 2747 masticis
457 2685 547 2746 Chiae
571 2685 659 2764 -Ι,
683 2687 765 2746 croci
788 2685 876 2765 -Ι,
900 2685 1008 2744 amomi
1031 2681 1114 2762 -Ι,

99 2774 224 2835 meliloti
250 2773 329 2854 -Ι,
352 2774 483 2835 absinthi
507 2807 548 2818 -
567 2774 589 2855 l,
613 2775 689 2834 costi
710 2805 748 2817 -
769 2773 790 2852 Ι,
814 2782 915 2852 guttae
939 2773 1116 2832 ammoniaci

54 2878 85 2918 ³0
103 2895 141 2907 —
158 2863 180 2944 Ι,
199 2863 278 2924 aloes
298 2895 340 2906 -—
356 2863 377 2943 l,
396 2866 473 2925 turis
494 2897 533 2910 -
550 2863 572 2943 Ι,
590 2881 706 2942 myrrae
724 2861 800 2942 -Ι,
824 2861 924 2922 bdellii
943 2855 1023 2938 drap.
1037 2858 1112 2938 Vlll,

99 2955 225 3014 storacis
252 2949 332 3032 drag.
360 2951 387 3012 X
414 2955 446 3012 in
473 2955 541 3013 vino
571 2952 701 3032 infnsae,
728 2950 919 3030 xylobalsami
947 2946 1028 3027 drap.
1051 2947 1115 3027 llll,

188 3145 206 3193 4
229 3139 409 3209 epithimatii.
430 3170 463 3180 -
483 3139 562 3195 Haec
584 3139 741 3208 compositio
764 3144 790 3193 et
812 3155 881 3207 quoe
908 3137 1031 3206 sequitur
1057 3137 1115 3190 iam

97 3225 185 3279 supro
208 3229 227 3266 o
250 3211 384 3265 Marcello
403 3212 512 3278 poeitae
534 3217 615 3279 curet;
637 3211 674 3278 ef.
697 3209 792 3280 §102
816 3214 841 3263 et
865 3212 928 3262 103.
971 3207 1033 3260 Hoc
1056 3206 1114 3260 ioco

95 3283 198 3348 paucis
220 3283 309 3336 verbis
332 3283 445 3336 mutatis
468 3283 598 3350 repetitae
620 3286 686 3336 suut
709 3286 759 3334 aot
777 3280 812 3334 ab
835 3280 895 3347 ipso
913 3279 1047 3344 scriptore
1065 3277 1114 3329 im·

99 3353 211 3406 menori
242 3353 421 3407 rernediorum
452 3353 509 3406 ium
544 3352 720 3406 laudatorum
757 3355 807 3403 aut
841 3350 876 3402 ab
911 3347 1114 3413 interpolatore.

11 3483 12 3488 η
101 3422 344 3478 iterabinbinam.
405 3427 437 3477 12
457 3421 604 3492 epithima.
665 3427 697 3474 17
716 3419 900 3474 stomachum.
962 3421 995 3471 2⁷
1014 3417 1115 3473 nardo-

100 3491 202 3548 celtici.
283 3492 416 3548 inanthis.
499 3497 533 3546 30
552 3491 648 3546 dellin.
732 3496 765 3544 31
786 3487 932 3544 storachis.
