2636 3790
488 113 706 178 ..59-

81 295 178 338 neum
201 278 242 336 ita
261 283 295 336 ut
314 276 454 336 adsuetus
475 283 520 336 est
539 285 643 336 sumat.
681 275 804 336 Postero
826 276 873 336 die
893 279 995 356 siqua
1016 278 1102 337 resti·

83 368 132 444 gia
163 364 323 443 epiphorae
351 367 561 446 remanserint,
589 367 693 443 inungi
721 364 842 443 collyrio
866 364 963 444 aliquo
987 367 1101 426 acriore

80 461 193 532 aquato
222 452 278 512 sub
306 471 428 531 vespere
457 452 545 514 debet
576 461 605 513 et
634 471 738 513 rursus
763 455 795 512 in
818 452 956 514 balneum
979 453 1049 514 dnci
1073 463 1102 516 et

81 544 188 602 vinum
211 541 323 602 bibere.
361 540 423 601 Hoc
446 542 532 602 modo
551 560 611 602 uno
631 542 723 602 lerme
743 541 791 602 die
810 540 931 602 tolletur
950 543 1101 624 epiphora,

52 651 66 692 5
80 632 246 710 praecipue
274 631 421 708 incipiens
449 648 547 709 neque
575 630 671 690 adhuc
695 629 751 690 alio
776 630 990 690 medicamento
1014 639 1101 692 tacta.

82 719 144 779 Sed
179 721 205 778 si
233 737 268 778 ea
295 720 339 778 vis
367 719 458 778 luerit
486 719 660 799 epiphorae,
694 729 727 779 ut
754 737 814 780 non
842 718 928 778 cedat
956 737 1015 780 uno
1044 719 1100 798 die,

81 809 237 886 expectari
256 805 414 887 oportebit,
432 806 526 867 donec
545 809 665 885 inpetus
685 809 750 868 eius
765 807 894 886 sedetur,
914 815 944 867 et
958 810 999 868 ita
1013 825 1101 884 aeger

79 899 113 956 in
132 895 273 955 balneum
289 895 415 956 ducatur
434 903 592 974 ceteraque
614 897 695 975 fiant,
716 914 791 974 quae
805 897 1012 975 praecepimus
1026 896 1100 956 lieri.

80 985 165 1045 ldem
194 984 251 1044 hoc
278 983 526 1044 medicamentum
549 986 638 1044 etiam
662 1001 752 1062 supra
776 983 878 1044 oculos
901 983 1019 1044 inlitum
1044 995 1101 1045 tar·

42 1096 67 1134 m
81 1073 150 1133 dius
186 1072 319 1152 quidem,
352 1071 404 1132 sed
437 1072 558 1132 eosdem
591 1074 714 1134 effectus
742 1080 885 1152 praestat,
918 1075 1043 1134 maxime
1069 1075 1101 1134 in

80 1163 197 1222 teneris
230 1159 420 1240 corporibus,
452 1169 488 1221 ut
517 1161 676 1222 mulierum
705 1169 734 1221 et
762 1180 939 1242 puerorum,
972 1180 1100 1241 quorum

80 1249 162 1310 oculi
190 1249 302 1310 nullius
330 1249 538 1310 medicamenti
562 1251 619 1310 vim
643 1253 792 1310 sustinere
816 1258 950 1329 possunt.
987 1249 1100 1312 Triduo

80 1347 182 1399 antem
210 1345 262 1398 aut
289 1337 454 1416 quadriduo
482 1337 658 1418 plerumque
690 1339 767 1400 tollit
799 1338 932 1400 dolorem
964 1339 1099 1400 adiutum

80 1429 130 1488 ovi
153 1427 303 1487 infusione
323 1435 353 1486 et
371 1445 463 1505 aquae
483 1426 593 1487 calidae
613 1445 728 1506 vapore.
768 1426 939 1505 Conpositio
964 1426 1133 1507 collyrio-a

42 1539 66 1578 15
80 1534 159 1596 rum,
184 1533 272 1594 quam
296 1517 421 1575 maxime
444 1514 547 1595 probo,
571 1515 607 1576 ad
630 1525 767 1576 recentes
789 1516 946 1594 epiphoras
965 1515 1011 1576 rel
1030 1535 1099 1576 con-

80 1603 269 1665 turbationes
297 1603 451 1664 oculorum
479 1611 671 1682 tumoresque
699 1614 730 1664 et
753 1604 883 1665 dolores:
916 1603 1096 1681 Plantaginis

80 1695 170 1754 tritae
196 1693 261 1751 suci
283 1691 404 1770 cyathos
427 1691 454 1750 ll
477 1693 535 1752 teri
558 1691 708 1770 oportebit
731 1711 800 1752 cum
821 1711 909 1752 croco
934 1691 1012 1769 quod
1038 1692 1097 1751 sul-

81 1783 176 1860 liciat,
207 1779 237 1839 id
266 1790 311 1839 est
338 1780 468 1839 denariis
491 1779 621 1860 duobuS,
650 1780 757 1840 deinde
781 1787 893 1859 cetera,
922 1797 997 1858 quae
1021 1778 1098 1840 inira

80 1871 194 1948 scripta
218 1875 300 1948 sunt,
330 1868 486 1928 admisceri
509 1867 605 1947 pridie
630 1875 775 1928 macerata
799 1886 868 1928 cum
891 1885 963 1927 suco
987 1866 1097 1928 herbae

42 1981 67 2020 ao
81 1975 173 2036 supra
196 1958 334 2037 scriptae,
357 1957 386 2016 id
411 1964 457 2016 est
480 1955 560 2016 aloes
581 1955 698 2017 Indicae
718 1955 744 2016 ll
762 1955 824 2036 Illl,
848 1957 975 2034 gummis
991 1955 1016 2015 ll
1030 1955 1098 2037 1111;

80 2053 184 2126 postea
208 2045 340 2106 eiusdem
360 2044 537 2123 plantaginis
557 2047 622 2106 suci
641 2045 762 2124 cyathos
782 2045 857 2105 duos
876 2043 953 2124 addi,
976 2051 1010 2104 ut
1030 2062 1098 2104 cum

80 2137 208 2214 spissata
236 2133 327 2194 fuerit
355 2135 539 2214 commixtio,
572 2133 691 2214 collyria
723 2135 882 2212 fingantur.
932 2131 1098 2212 Utrumque

80 2232 181 2284 autem
219 2241 313 2302 genus
345 2221 554 2282 medicamenti
581 2225 688 2283 eximie
720 2222 863 2302 prodesse
898 2221 997 2282 iudico
1029 2239 1097 2300 pro·

79 2316 207 2392 prietate
233 2311 372 2392 quadam,
399 2311 450 2372 sed
474 2313 633 2389 praecipue
657 2311 736 2390 quod
760 2310 870 2372 nullam
893 2311 924 2370 in
948 2329 980 2371 se
1004 2313 1096 2390 aspri-

44 2421 67 2462 u
80 2401 216 2462 tudinem
239 2399 338 2481 habet,
362 2407 395 2459 ut
413 2398 563 2478 pleraque,
588 2399 696 2478 quibus
715 2400 777 2460 iere
799 2401 986 2477 inunguntur
1004 2399 1097 2460 homi·

80 2508 142 2550 nes.
198 2488 271 2548 Nam
306 2505 381 2566 quae
409 2505 445 2546 ex
478 2487 592 2547 cadmia
624 2497 674 2548 aut
706 2506 774 2548 aere
804 2497 871 2548 usto
904 2488 1097 2567 eiusdemque

80 2579 200 2656 generis
222 2577 382 2655 pigmentis
405 2585 628 2656 conponuntur,
652 2579 786 2655 quamvis
810 2578 927 2638 curiose
951 2584 1097 2657 terantur,

80 2674 218 2727 naturam
250 2673 349 2724 tamen
384 2682 467 2724 suam
500 2666 635 2725 amittere
668 2683 728 2726 non
760 2673 901 2744 possunt;
936 2683 1097 2744 numquam

81 2757 162 2815 enim
189 2763 223 2813 ut
251 2771 341 2813 sucus
370 2751 538 2833 diluuntur,
567 2753 619 2814 sed
648 2772 717 2814 cum
745 2754 781 2814 ad
810 2771 955 2814 summam
979 2753 1093 2832 suptili-

46 2863 68 2902 ao
80 2851 173 2904 tatem
195 2842 340 2920 perducta
362 2849 440 2922 sunt,
465 2849 562 2902 tamen
582 2845 666 2921 quasi
685 2842 889 2921 pulverulenta
908 2859 1031 2902 necesse
1052 2850 1097 2902 est

81 2938 232 3010 maneant,
257 2948 331 3010 quae
355 2929 510 2990 oculorum
533 2939 633 3010 partes
657 2930 737 2992 velut
759 2931 923 3012 conligunt,
947 2938 1029 2990 certe
1048 2949 1097 2990 ex·

80 3022 176 3081 terius
199 3027 337 3098 pungunt
359 3018 502 3078 foramina
525 3022 638 3097 primae
662 3019 813 3080 tuniculae
832 3017 920 3100 oculi,
943 3018 980 3078 ab
1004 3021 1097 3079 initiis

82 3107 212 3168 adhibita
240 3107 391 3168 interdum
418 3107 619 3169 molestiorem
647 3108 777 3168 futuram
801 3108 952 3167 concitant
975 3107 1096 3186 epipho-

82 3215 153 3258 ram.
201 3195 265 3266 Quo
292 3198 412 3256 nomine
441 3197 530 3256 etiam
555 3197 633 3276 quod
657 3197 705 3256 dia
728 3195 845 3275 glauciu
870 3195 979 3255 dicitur
1002 3195 1096 3272 probo
1116 3204 1132 3252 3

153 3327 327 3394 2innngem'.
383 3327 528 3378 abalneo.
580 3325 751 3376 deoneedet
770 3324 930 3376 Carnarius
982 3329 1097 3388 Sprae-

84 3399 211 3468 cipimus.
284 3400 318 3448 16
337 3395 524 3459 bumuresque.
598 3397 631 3444 27
651 3390 866 3458 pigmentorum.
936 3393 969 3438 32
990 3389 1026 3440 ad
1044 3388 1097 3439 ini-

83 3467 173 3523 niciis.
246 3472 279 3520 33
300 3463 494 3519 concitantem.
