2528 3814
495 119 733 182 -337-

200 279 363 356 Adversum
387 281 543 358 inguinum
562 279 715 358 paniculas
733 279 898 338 remedium
918 282 974 340 sic:
997 279 1118 341 Nastur·
1138 294 1154 342 8

108 371 188 428 cium
213 386 280 428 cum
304 370 370 446 pice
394 370 555 446 inpositum
575 367 727 446 paniculas
746 367 881 446 discutit3
905 371 1029 429 maturis
1048 387 1117 429 vcro

106 465 159 517 aut
187 456 457 517 maturescentibus
486 455 631 534 paniculis
658 455 716 516 tale
743 455 927 516 medicamen
955 457 1117 538 adhibebis,

105 545 136 604 id
165 553 211 605 331
238 544 408 606 lenticulam
435 552 466 605 et
494 545 570 604 lauri
589 543 681 640 bacas
709 563 744 604 33
772 545 861 604 131113
889 546 970 606 iuxta
998 564 1116 606 mensu-

78 649 170 696 sram
189 632 346 694 lenticulae
370 634 518 712 decoquas
541 635 573 692 in
594 651 669 712 aqua
689 640 719 692 et
737 631 962 710 diligentissime
981 635 1117 695 manibus

106 721 227 800 subiges
261 731 290 782 et
323 741 391 782 cum
420 722 486 782 1333
514 720 641 783 calidum
669 722 832 781 lomentum
861 721 1004 801 adpones,
1038 723 1116 801 quod

106 812 165 870 cito
195 828 228 870 ac
256 809 447 870 vehementer
475 818 505 870 et
533 809 665 870 dolorem
693 809 835 870 discutiet
862 820 892 870 31
920 828 1039 870 umores
1065 829 1116 870 no-

104 900 169 958 xios
192 897 338 976 purgabit.
1133 913 1137 922 ·

194 985 305 1048 Ervum
326 995 410 1048 vetus
429 989 460 1046 in
480 987 603 1046 farinam
620 985 822 1046 mollissimam
836 987 989 1047 redactum
1005 997 1035 1047 et
1049 1005 1116 1048 cum
1136 1002 1152 1049 3

64 1098 91 1138 13
106 1075 193 1136 melle
216 1077 379 1154 inpositum
402 1075 548 1154 paniculis
571 1075 716 1136 medetur.
755 1074 888 1135 Mirabile
911 1075 968 1136 hoc
992 1075 1116 1136 medica·
1136 1089 1171 1137 10

106 1171 240 1224 mentum
267 1162 413 1242 paniculis
437 1164 574 1224 sanandis
598 1165 655 1224 sic:
687 1163 864 1243 Hyoscyami
886 1163 1024 1225 soliorum
1048 1166 1116 1224 viri·

105 1252 187 1312 dium
211 1251 241 1312 P.
261 1251 296 1333 11,
319 1255 435 1312 resinae
459 1254 587 1332 pityinae
611 1252 642 1312 P.
662 1251 697 1332 ll,
721 1271 807 1312 cerae
826 1252 857 1312 P.
876 1251 912 1332 11,
935 1253 1029 1332 adipis
1048 1271 1116 1331 por-

105 1342 190 1400 cinae
214 1342 277 1400 3133
301 1340 361 1402 3313
380 1341 411 1401 P.
430 1341 466 1421 ll,
489 1341 606 1420 galbani
624 1339 655 1401 P.
674 1340 709 1402 ll.
746 1340 851 1402 Omnia
872 1340 944 1401 baec
963 1349 1051 1402 tunsa
1070 1341 1116 1402 vel

105 1431 230 1488 remissa
257 1431 289 1488 in
317 1449 410 1490 unum
438 1448 547 1508 corpus
574 1429 692 1507 rediges
721 1438 750 1489 ct
778 1429 930 1507 emplastri
954 1431 1042 1490 modo
1066 1431 1115 1490 ad·

63 1541 90 1581 13
105 1534 207 1595 33333.
249 1516 365 1576 Calcem
388 1519 496 1596 vivam,
520 1518 569 1577 alii
592 1519 687 1594 capita
711 1517 783 1596 duo,
807 1516 921 1577 vitellos
945 1525 1046 1578 333133
1070 1517 1168 1578 33111

103 1607 237 1664 13333133
257 1623 379 1664 3333313
398 1607 503 1665 trium:
527 1604 615 1664 simul
634 1607 895 1684 331313333311313
914 1613 944 1664 31
963 1604 1115 1683 emplastri

104 1711 187 1754 more
215 1693 348 1770 adposita
377 1711 495 1752 omnem
522 1701 670 1754 tumorem
698 1700 728 1752 et
756 1693 888 1752 dolorem
911 1692 1114 1771 panicularum

104 1782 281 1860 dispergunt
304 1789 334 1841 et
357 1781 469 1841 sedant.

194 1869 357 1931 Galbanum
381 1869 477 1930 solum
500 1871 579 1929 inter
598 1870 745 1947 principia
764 1868 873 1929 doloris
891 1869 1045 1948 paniculae
1065 1870 1113 1929 ad·
1134 1883 1167 1930 12

63 1984 90 2023 33
103 1961 234 2039 33311331
258 1959 419 2038 plurimum
437 1959 568 2038 prodest.
605 1957 739 2018 Feniculi
758 1958 850 2017 farina
870 1975 905 2018 ex
924 1957 1018 2018 mulsa
1038 1976 1114 2037 aqua
1134 1972 1167 2020 13

105 2049 226 2108 decocta
254 2048 352 2108 addita
380 2050 506 2126 axungia
529 2047 662 2125 adposita
686 2045 817 2106 dolorem
840 2049 994 2124 inguinum
1018 2046 1114 2127 sodat3

104 2137 192 2197 fimus
210 2136 345 2198 hircinus
364 2155 433 2198 cum
452 2135 538 2197 melle
553 2136 695 2196 decoctus
710 2135 863 2212 adpositus
877 2135 1022 2214 paniculis
1038 2137 1114 2195 sani·

104 2233 193 2287 tatem
213 2243 374 2304 congruam
392 2233 531 2304 praestat.
565 2223 651 2284 Creta
666 2223 787 2284 Cimolia
805 2225 874 2284 trita
894 2231 1010 2284 etcum
1030 2231 1113 2284 aceto
1134 2237 1167 2286 14

104 2316 315 2394 superinducta
335 2314 454 2375 cohibet
471 2313 675 2392 panicularum
694 2319 850 2372 tumorem.
883 2311 950 2372 Sive
969 2315 1112 2392 incipien·
1134 2327 1166 2374 13

64 2412 165 2466 131331
188 2404 355 2482 3331331331
379 2405 536 2482 comprimi
559 2420 634 2481 opus
653 2403 771 2462 3113133
793 2408 964 2460 3333331331
984 2401 1113 2483 dissolvi,

103 2492 265 2572 praestabit
292 2492 484 2552 utilissimum
513 2491 678 2551 remedium
704 2490 1112 2568 31313133113331331331-

103 2598 246 2659 purarum
270 2588 441 2641 exustarum
465 2598 532 2640 cum
557 2578 924 2656 31333313131313331133
948 2577 1112 2656 33133331-

9 2715 12 2762 ,
103 2669 220 2729 ductus.
253 2667 363 2746 Lupini
386 2687 422 2728 33
445 2677 528 2728 33313
552 2669 678 2728 3331131
697 2665 812 2726 subacti
831 2675 860 2726 et
879 2685 933 2745 pro
953 2667 1111 2746 emplastro
1132 2678 1165 2726 13

9 2765 10 2840 l
103 2757 231 2835 adpositi
258 2774 376 2816 causam
404 2756 608 2834 panicularum
636 2763 785 2816 maturant
812 2763 843 2816 et
870 2757 1009 2816 minuunt
1032 2755 1111 2815 dolo·

9 2865 10 2942 3
62 2863 174 2906 333313.
216 2844 305 2904 Ficus
333 2845 468 2904 Africana
497 2852 612 2905 vetusta
641 2863 678 2904 33
705 2847 772 2904 3133
800 2845 922 2904 decocta
949 2853 1037 2929 tunsa
1065 2843 1164 2904 33111

102 2937 172 2994 trita
195 2932 309 2994 utiliter
331 2932 476 3012 paniculis
500 2933 667 3012 adponitur.

190 3021 233 3082 Ne
260 3024 371 3099 inguen
399 3039 435 3081 33
458 3021 559 3082 313313
583 3021 680 3100 aliquo
705 3030 755 3081 331
777 3021 899 3081 3313313
922 3023 1111 3099 intumescat,
1132 3030 1164 3078 18

103 3110 255 3172 surculum
284 3110 384 3170 anethi
411 3111 443 3169 in
466 3109 585 3187 cingulo
609 3119 659 3170 aut
682 3112 713 3169 in
736 3110 826 3168 fascia
849 3108 956 3168 habeto
979 3108 1111 3186 ligatum.
1214 3185 1216 3190 Ι

102 3199 134 3259 13
159 3208 258 3278 333113
277 3199 323 3258 331
342 3216 530 3276 quocumque
549 3197 676 3279 vinculo,
700 3215 757 3276 quo
779 3196 865 3256 bolus
884 3204 935 3256 aut
953 3195 1110 3256 obsonium
1130 3207 1163 3254 13

62 3287 192 3348 33133111
210 3289 360 3368 innexum,
380 3293 493 3365 septem
512 3285 605 3345 nodos
624 3283 759 3346 13313331
772 3302 826 3363 per
840 3283 972 3362 singulos
986 3291 1110 3344 3331333

103 3376 266 3436 nominabis
285 3375 416 3454 singulas
435 3393 509 3434 anus
529 3373 631 3434 viduas
651 3381 681 3434 et
695 3373 824 3452 singulas
839 3373 917 3433 feras
932 3380 961 3432 et
974 3374 1006 3432 in
1020 3389 1109 3432 crure

9 3481 10 3534 ζ
102 3463 146 3524 331
174 3465 308 3546 brachio,
337 3466 422 3525 33133
450 3482 520 3542 3313
543 3462 821 3542 331331313133111,
844 3461 984 3540 alligabis.
1027 3459 1110 3530 Quae

153 3575 313 3628 Marcomons,
328 3585 367 3615 113.
381 3575 536 3616 Η33333133.
915 3567 948 3614 22
