2636 3790
559 129 777 194 „54-

114 307 147 356 13
166 293 229 374 pilli
253 295 431 372 nigrescant,
454 294 592 370 protinus
615 291 791 356 inlinuntur.
836 291 943 372 Herba,
968 311 1042 371 quae
1067 292 1180 354 Graece

164 390 242 461 arte,
270 381 373 442 Latine
404 381 537 461 ebulum,
570 380 679 441 Gallice
708 381 817 441 odocos
845 381 968 461 dicitur,
1002 383 1181 460 exprimitur

163 473 252 531 etiam
277 489 344 530 cum
370 471 432 531 suis
456 471 555 548 granis
579 472 703 548 eiusque
723 487 794 529 suco
819 469 927 530 cotidie
951 469 1035 530 inlito
1060 471 1180 549 pectine

108 571 145 620 14
163 561 271 639 crines,
294 561 345 637 qni
360 558 512 618 inficiendi
527 565 604 638 sunt,
619 557 833 636 perducuntur.
866 557 1027 618 Pomorum
1042 557 1078 618 de
1095 577 1179 618 moro

164 649 407 710 maturrimorum
434 680 478 689 —
497 645 546 726 lll,
574 649 689 707 acaciae
718 645 749 706 Ρ.
773 646 798 726 1,
832 649 943 706 3331333
976 665 1101 707 numero
1126 645 1207 706 Vlls

164 743 275 816 quanto
304 738 451 814 nigriores
478 737 590 813 pariter
617 733 782 795 macerabis
810 734 930 794 caelesti
959 753 1034 814 aqua
1068 737 1099 796 in
1132 753 1178 795 va·

164 823 246 884 33313
275 842 362 884 aereo
390 823 489 884 clauso
518 831 606 902 atque
635 823 703 883 inde
732 822 853 902 capillos
876 841 993 902 semper
1016 823 1124 884 inlines
1148 832 1179 884 31

163 912 298 993 fricabis3
331 912 383 972 scd
417 931 491 991 quae
525 913 740 992 superfuerint,
774 914 804 970 in
833 912 936 971 eodem
964 911 1083 972 vasculo
1111 930 1178 990 per·

110 1011 314 1081 1513333331,
347 1001 543 1061 diuturnitate
572 1003 651 1060 enim
680 1000 846 1060 efficaciora
879 1007 957 1060 sunt.
1005 999 1177 1078 Conpositio

162 1091 266 1150 efficax
294 1089 330 1149 ad
359 1089 479 1167 capillos
504 1088 679 1149 inficiendos
710 1097 739 1149 et
767 1088 984 1148 confirmandos
1013 1095 1043 1148 31
1070 1090 1169 1167 specie
1192 1106 1219 1146 10

163 1177 328 1256 augendos:
369 1176 552 1254 Fenograeci
576 1179 746 1255 sextarium,
770 1176 822 1236 lini
847 1179 968 1236 seminis
991 1173 1201 1258 tantundem,“

163 1266 268 1327 calami
291 1267 444 1326 aromatici
467 1265 497 1325 P.
517 1265 538 1345 l,
563 1265 685 1326 schoeni
708 1265 739 1325 P.
758 1265 780 1346 l,
804 1267 899 1325 casiae
923 1265 954 1324 P.
968 1264 990 1345 1,
1012 1265 1102 1343 gallae
1122 1267 1175 1325 tri·

163 1354 291 1415 chitidos
315 1354 346 1414 P.
370 1354 391 1433 1,
415 1353 512 1413 ladani
538 1385 575 1396 —
596 1353 646 1435 111,
669 1356 747 1414 roris
771 1355 891 1414 coriarii
911 1353 943 1414 P.
958 1352 979 1432 1,
1003 1371 1095 1432 aquae
1120 1352 1174 1414 flu·

162 1441 245 1503 vialis
269 1440 439 1522 8111111111,
469 1444 567 1502 omnia
594 1441 722 1502 1133313
746 1461 839 1503 unum
863 1459 912 1501 vas
936 1444 1036 1501 mittes
1060 1449 1089 1501 et
1113 1441 1174 1501 die-

161 1531 217 1591 bus
247 1530 297 1590 XL
331 1531 386 1590 sub
415 1530 482 1590 divo
515 1532 644 1609 positum
677 1530 794 1591 iubebis
827 1530 935 1590 cotidie
966 1548 1019 1609 per
1047 1547 1175 1608 puerum
1191 1547 1217 1588 rs

161 1621 306 1698 virginem
330 1621 518 1700 commoveri,
541 1621 581 1679 ita
605 1627 649 1700 ut,
672 1621 698 1679 si
721 1619 839 1698 quando
859 1637 934 1698 puer
953 1621 1017 1698 ipse
1037 1617 1175 1700 defuerit,

161 1711 297 1788 signetur
320 1726 417 1788 neque
441 1727 458 1768 a
479 1726 628 1788 quoquam
651 1709 710 1768 nisi
734 1726 750 1767 a
773 1727 866 1788 puero
891 1707 948 1768 alio
972 1709 1086 1786 virgine
1106 1725 1175 1768 con-

161 1799 300 1876 tingatur.
346 1797 452 1858 Postea
490 1798 637 1858 recondes
675 1796 833 1875 diligenter
871 1804 901 1856 et
934 1795 990 1856 snb
1023 1795 1175 1874 signaculo

161 1885 268 1947 habeto
293 1894 323 1946 et
346 1885 454 1947 cotidie
478 1904 552 1965 aqua
572 1886 675 1946 cadem
695 1893 783 1964 caput
802 1887 902 1945 inrora
921 1891 951 1944 et
970 1887 1087 1963 pectine
1106 1885 1175 1945 inde

110 1985 142 2034 16
161 1975 326 2036 madefacto
354 1981 443 2054 caput
468 1983 562 2054 pecte.
609 1975 652 2033 Ad
680 1972 815 2050 flegmata
844 1973 880 2032 de
908 1975 1005 2049 capite
1033 1980 1063 2032 et
1087 1991 1174 2050 aqua·
1190 1990 1215 2029 33

161 2063 251 2125 113313
284 2063 470 2124 deducenda:
504 2061 610 2122 Scillae
641 2060 748 2119 libram
775 2077 865 2118 unam
894 2061 924 2118 in
953 2077 1046 2138 aquae
1075 2057 1106 2120 θ
1135 2060 1176 2120 Ill

161 2153 290 2213 infusam
318 2169 428 2230 coques
452 2149 488 2208 ad
512 2150 629 2227 tertias,
656 2155 759 2225 postea
785 2149 862 2206 aceti
885 2148 990 2225 optimi
1013 2149 1175 2208 sextarium

162 2241 271 2300 adicies
296 2248 325 2299 ct
348 2247 409 2299 tam
428 2237 478 2296 diu
497 2239 606 2296 iterum
626 2233 714 2294 simul
733 2237 831 2295 omnia
850 2253 1009 2316 excoques‚
1033 2235 1174 2314 quamdiu

162 2328 197 2388 ad
222 2329 383 2386 sextarium
406 2323 565 2404 perducas3
595 2333 660 2384 tum
683 2321 794 2384 celabis
818 2331 848 2384 et
871 2322 981 2384 adicies
1005 2323 1099 2384 mellis
1123 2343 1174 2402 op-

162 2417 226 2474 timi
245 2413 276 2474 P.
291 2413 325 2474 ll.
363 2413 475 2473 lterum
498 2414 594 2472 omnia
619 2411 708 2473 simul
730 2420 791 2472 tam
814 2412 866 2473 diu
890 2431 1009 2494 coques,
1033 2413 1173 2492 quamdiu
1188 2429 1213 2470 33

109 2513 143 2563 11
163 2503 198 2564 ad
228 2501 323 2562 mellis
352 2501 579 2562 crassitudinem
608 2503 735 2562 veniant.
782 2499 952 2581 Conpositio
980 2500 1112 2580 pulveris
1138 2501 1173 2561 ad

162 2609 265 2652 reuma
293 2592 385 2651 totius
414 2591 561 2670 corporis,
586 2589 638 2650 sed
666 2592 791 2650 maxime
815 2589 850 2650 ad
877 2591 981 2668 capitis
1005 2608 1121 2650 necnon
1144 2597 1174 2650 31

162 2681 198 2740 ad
222 2679 431 2759 perfrictiones
455 2686 485 2738 et
508 2680 736 2739 constrictiones
756 2677 873 2738 cerebri
891 2677 1092 2738 resolvendas:
1116 2677 1174 2738 En·
1279 2715 1280 2762 q

162 2767 241 2829 forbi
259 2801 303 2810 -
316 2767 352 2850 ll,
370 2769 483 2846 piperis
500 2799 537 2810 —
554 2766 618 2846 llll,
637 2767 778 2828 bacarum
797 2767 873 2826 lauri
892 2769 1039 2827 siccarum
1053 2767 1174 2848 -llll,
1279 2815 1280 2832 2

163 2859 293 2918 samsnci
310 2889 346 2898 -
364 2855 399 2936 11,
419 2864 596 2916 centaureae
611 2888 653 2898 -
668 2855 716 2935 lll,
736 2855 921 2916 aristolociae
935 2855 1039 2934 longae
1056 2889 1096 2898 -
1112 2854 1174 2937 llll,
1188 2871 1213 2910 eo

162 2947 217 3006 iris
240 2945 373 3024 illyricae
399 2943 525 3025 -1111,
549 2963 666 3023 myrrae
689 2977 731 2987 —
750 2943 813 3025 llll,
839 2943 963 3004 bidellae
989 2943 1111 3024 -llll,
1135 2946 1174 3004 ci-

164 3033 246 3095 cidae
269 3032 386 3114 -llll,
410 3034 569 3113 stypteriae
594 3033 721 3093 schistes
746 3031 867 3112 -llll,
889 3034 962 3092 nitri
985 3031 1175 3094 Alexandrini

164 3122 313 3184 combusti
336 3129 366 3182 et
389 3123 456 3181 vino
481 3128 580 3181 vetere
604 3123 728 3182 extincti
751 3120 879 3202 -llll,
908 3120 977 3180 salis
1000 3123 1174 3181 ammoniaci

167 3245 205 3257 —
222 3210 284 3272 llll.
308 3209 388 3270 llaec
407 3211 505 3270 omnia
524 3209 741 3290 contundenda,
760 3209 867 3269 deinde
887 3208 1043 3269 cribranda
1060 3217 1091 3269 et
1109 3229 1174 3288 per·
1277 3262 1278 3272 ,

165 3415 242 3469 scini.
297 3414 456 3470 trichitidos
474 3415 588 3483 scripsi:
606 3413 751 3468 trichidos.
807 3419 840 3468 17
854 3413 1000 3482 virginem.
1055 3418 1090 3466 20
1108 3415 1174 3467 fleu-

164 3487 250 3539 mata.
323 3491 357 3540 28
376 3501 544 3554 exquoques.
617 3483 773 3540 13333131.

236 3344 428 3415 tuigriscant.
485 3343 592 3414 23313]
608 3343 787 3397 chamaeacte
798 3341 958 3398 0333333133.
999 3348 1031 3396 12
1047 3343 1173 3414 schoeni]
