2636 3790
603 102 819 166 ...76-

206 265 340 346 geudam,
364 265 521 326 coniicitur
545 265 601 326 sic:
639 262 726 324 Croci
751 296 789 307 —
810 262 850 343 ll,
872 264 985 343 piperis
1009 261 1068 324 albi
1091 265 1219 345 unciam,
1276 286 1277 348 p

206 354 372 433 aphronitri
408 355 544 435 unciam,
581 371 698 433 myrrae
735 353 871 430 unciam,
907 351 1003 412 mellis
1036 351 1127 412 Attici
1165 372 1219 414 un-
1276 349 1277 374 ¹

206 445 291 504 ciam.
336 442 464 503 Crocum
491 451 522 503 et
546 445 633 522 piper
656 459 693 502 ex
716 443 783 501 vino
807 448 900 521 teres,
928 443 1088 502 novissime
1112 441 1219 520 aphro-

206 534 318 592 nitrum
342 540 372 592 et
395 549 523 611 myrram
547 549 682 592 seorsum
707 537 845 591 conteres
869 537 899 590 et
922 531 966 590 sic
990 531 1128 591 universa
1150 549 1219 590 con·

154 623 315 699 tosiunges
345 627 433 699 atque
462 621 497 682 ad
526 619 757 681 suffundendum
790 620 883 678 uteris
912 637 947 678 ex
979 619 1073 680 melle.
1121 609 1247 699 Hygras

204 709 344 790 mirifica,
370 727 445 788 quae
469 717 500 770 et
523 709 663 788 caligines
687 707 779 786 abigit
802 715 832 767 et
855 706 950 767 oculis
973 709 1094 768 sullusis
1118 707 1220 769 lumen

204 801 360 878 instaurat,
384 799 492 876 accipit
514 798 600 859 haec:
623 795 814 876 Opobalsami
838 788 877 882 ,β
897 794 945 876 ΙΙΙ,
968 814 1084 875 myrrae
1109 789 1219 882 2111,

205 889 384 966 opopanacis
412 879 542 973 218,
571 885 666 948 mellis
694 887 785 946 Attici
817 884 964 945 selibram.
1011 883 1218 963 Opopanacem

204 979 334 1056 primum
363 995 398 1036 ex
426 978 493 1036 vino
517 983 597 1036 teres
621 975 792 1056 diligenter,
815 982 879 1035 tum
902 991 1030 1053 myrram
1054 973 1164 1034 adicies
1189 984 1219 1034 et

204 1075 300 1145 teres,
328 1074 512 1144 postremum
541 1063 763 1143 opobalsamum
791 1063 881 1124 addes
905 1070 994 1142 atque
1019 1063 1116 1122 omnia
1139 1080 1262 1124 com-10

205 1156 336 1215 muniter
359 1153 484 1214 terendo
509 1153 685 1214 admiscebis
707 1162 737 1214 ct
755 1159 858 1232 postea
877 1151 914 1212 ad
933 1151 1136 1230 inungendum
1157 1161 1220 1212 ute-

153 1244 260 1306 noris.
293 1241 383 1303 Fellis
403 1241 554 1321 gallinacei
574 1241 621 1302 vel
638 1242 790 1322 vulturini,
810 1241 889 1320 quod
909 1240 995 1320 longe
1019 1243 1112 1320 magis
1133 1241 1220 1320 prod·

205 1339 264 1411 est,
295 1331 458 1410 scripulum
490 1339 519 1392 et
547 1329 643 1391 mellis
667 1332 771 1409 optimi
799 1331 917 1390 unciam
945 1329 1021 1391 beno
1053 1333 1122 1391 trita
1150 1349 1220 1392 con-

204 1423 311 1499 iunges
339 1429 428 1500 atque
457 1423 488 1480 in
514 1420 621 1500 pyxide
649 1437 759 1498 cuprea
786 1417 909 1479 habebis
939 1428 969 1480 et
993 1428 1159 1499 opportune
1184 1420 1220 1480 ad

205 1511 409 1588 inungendum
432 1511 540 1589 uteris,
568 1509 625 1569 hoc
649 1507 722 1568 nihil
746 1509 897 1586 potentius
921 1507 1076 1588 caliginem
1101 1509 1220 1571 relevat.
1238 1529 1264 1569 15

153 1597 270 1659 111Ros
299 1601 491 1680 matutinum,
522 1598 601 1678 quod
624 1597 787 1657 inhaeserit
815 1605 914 1676 rutae,
939 1607 969 1657 et
997 1615 1102 1658 sucum
1131 1597 1221 1658 cheli-

205 1687 310 1748 doniae
338 1697 368 1748 et
396 1685 455 1749 mel
482 1689 627 1767 optimum
656 1685 865 1764 despumatum
892 1687 958 1764 pari
984 1705 1124 1747 mensura
1154 1705 1222 1766 per-

204 1777 297 1837 misce
325 1783 414 1857 atque
443 1775 479 1836 ad
507 1778 611 1836 tertias
640 1775 773 1854 decoque
804 1784 833 1834 et
857 1775 887 1834 iu
912 1775 1019 1854 pyxide
1042 1794 1150 1854 cuprea
1175 1794 1221 1836 re·
1280 1815 1281 1848 r

153 1877 202 1925 112
210 1865 305 1926 conde
330 1873 359 1926 et
383 1864 543 1944 caligantes
566 1863 668 1925 oculos
687 1862 819 1924 infunde.
857 1862 946 1924 Fellis
965 1873 1063 1924 terrae
1083 1874 1112 1925 et
1131 1864 1220 1925 cheli-

204 1953 309 2014 doniae
332 1956 488 2032 utriusque
507 1952 617 2014 herbae
638 1971 743 2013 sucum
770 1971 839 2014 cum
862 1951 959 2013 mellis
985 1954 1088 2032 optimi
1112 1953 1218 2032 despu-
1238 1975 1265 2015 ao

204 2044 276 2103 mati
299 2045 364 2122 pari
387 2061 526 2104 mensura
549 2043 698 2120 permisce
720 2049 809 2121 atque
829 2060 865 2101 cx
885 2060 920 2101 eo
940 2041 1100 2119 caligantes
1118 2041 1221 2103 oculos

152 2143 202 2192 113
212 2133 331 2212 inunge,
356 2132 560 2193 efficacissimo
584 2130 779 2191 medicamine
799 2132 902 2190 uteris.
941 2128 1093 2190 Satureiae
1117 2132 1222 2192 viridis

170 2273 173 2278 .
207 2239 278 2280 suco
306 2222 482 2283 tenuissimo
511 2223 536 2281 si
565 2219 688 2280 adsidue
718 2218 840 2298 angulos
874 2217 1029 2278 oculorum
1057 2220 1222 2303 contingas,

205 2307 359 2387 caliginem
393 2311 452 2369 cito
481 2309 632 2370 discuties.
679 2307 760 2367 ldem
791 2314 923 2386 praestat
951 2314 981 2368 et
1013 2315 1097 2368 rutae
1130 2327 1222 2371 sucus

203 2415 258 2474 per
286 2396 411 2457 linteum
444 2405 532 2458 tenue
567 2414 727 2476 expressus
760 2397 792 2455 in
823 2395 930 2475 pyxide
964 2413 1050 2456 aerea
1082 2397 1221 2459 conditus
1237 2419 1263 2459 ns

205 2492 292 2564 atque
316 2485 431 2564 angulis
454 2485 607 2546 oculorum
627 2484 817 2564 caligantium
837 2483 998 2563 adpositus.
1036 2483 1098 2545 Hoc
1122 2489 1222 2548 cuius·

204 2572 277 2633 libet
305 2575 408 2635 aetatis
432 2574 581 2634 hominem
605 2574 802 2633 infirmissimi
824 2573 905 2634 visus
927 2572 1103 2633 mirabiliter
1127 2589 1222 2656 curat,

152 2670 292 2722 114certe
314 2657 346 2722 'si
374 2661 484 2741 aliquid
513 2661 608 2722 mellis
631 2662 723 2722 Attici
755 2662 845 2722 iuerit
875 2660 1046 2722 admixtum.
1097 2661 1222 2724 Reme-

204 2750 299 2811 dium
329 2751 368 2811 ad
403 2759 576 2812 tumorem
610 2750 797 2811 oculorum
831 2749 884 2810 vel
916 2753 1059 2811 nimiam
1092 2750 1221 2812 destil-

204 2838 383 2900 lationem.
431 2839 516 2901 Pulei
542 2839 632 2900 dores
661 2839 812 2918 destringe
841 2856 952 2918 eosque
980 2838 1155 2900 madelacito
1184 2861 1221 2902 ex
1237 2861 1264 2900 so

203 2947 279 3008 aqtra
308 2928 415 3008 frigida
443 2937 474 2990 et
501 2937 624 2990 contere
653 2927 729 2988 bene
757 2934 845 3007 atque
875 2946 910 2988 ex
937 2945 972 2987 eo
995 2929 1086 3006 panni
1109 2932 1221 2991 tennis·

204 3019 272 3078 simi
294 3026 409 3098 partem
438 3017 590 3078 dimidiam
613 3016 687 3096 line,
717 3024 749 3077 ut
776 3034 813 3076 ex
841 3015 932 3077 altera
955 3023 1039 3094 parte
1063 3020 1154 3095 panni
1177 3021 1221 3080 in-

204 3116 286 3186 tegas
314 3106 416 3168 oculos
441 3115 471 3168 et
498 3125 567 3168 cnm
595 3104 650 3166 ibit
678 3105 854 3185 dormitum,
878 3107 927 3166 cui
950 3104 1127 3166 medendum
1155 3110 1221 3188 erit,

204 3215 294 3276 supra
332 3195 435 3258 oculos
471 3213 583 3276 pones,
620 3196 684 3274 ipsa
717 3203 804 3254 nocte
841 3202 988 3254 tumorem
1027 3212 1221 3276 umoremque

150 3285 363 3347 tlooculorum
392 3288 458 3346 eius
486 3283 612 3345 sedabis
658 3283 701 3343 dd
730 3281 884 3344 oculorum
914 3283 1045 3344 subitum
1075 3285 1219 3364 impetum
1235 3303 1262 3342 ca

203 3375 248 3435 vel
277 3375 411 3436 dolorem
429 3373 603 3435 ¹remedium
633 3371 735 3432 efficax
765 3373 821 3431 sic:
855 3371 967 3432 Sucum
992 3373 1142 3456 cardonis,
1172 3393 1220 3436 su·

204 3481 271 3523 cum
295 3467 410 3526 [urticae
429 3461 653 3540 Alexandrinae,
678 3477 782 3520 sucum
802 3459 969 3543 bugillonis,
988 3479 1120 3544 crocum,
1145 3472 1220 3524 atra-
