2636 3790
489 85 710 150 ..13-

92 249 227 326 potione,
255 245 363 308 deinde
392 252 512 324 postero
541 246 588 306 die
612 245 719 306 laveris
745 245 872 326 ciboque
895 247 981 308 firmo
1004 249 1109 328 utaris,

94 354 152 414 qua
173 354 207 396 re
233 343 263 396 et
287 334 492 396 observatione
516 335 637 414 allicias,
661 353 699 394 ne
724 334 794 412 quid
818 337 938 396 omnino
961 337 1024 396 vitii
1043 353 1106 396 eor·

93 427 159 502 pori
186 433 240 485 tuo
268 424 384 484 accidat
411 432 441 483 et
468 430 612 502 perpetua
640 425 765 483 sanitate
794 425 835 483 sis
862 431 954 484 tutus.
1000 423 1054 485 list
1077 433 1108 486 et

92 515 173 592 potio
197 512 337 593 salubris,
362 529 438 591 quae
461 530 548 572 omne
571 513 707 591 corporis
730 513 836 572 vitium
859 511 959 573 elimat
977 522 1007 573 et
1029 512 1106 574 rale-

67 602 227 662 5tudinem
243 601 407 662 confirmat.
434 599 508 661 Eius
520 602 650 680 potionis
664 602 724 661 iam
742 607 843 661 tecum
861 599 953 661 babes
972 604 1107 680 conposi-

93 692 219 770 tionem,
244 708 301 768 per
323 707 416 749 annos
440 691 519 750 enim
543 689 716 770 conplures,
744 690 923 750 amicissime
945 689 1108 771 Maecenas,

92 797 161 839 cnm
189 778 318 838 Caesare
346 785 449 839 nostro
476 779 589 857 pariter
616 796 671 838 nos
702 779 814 838 morari
841 779 1016 858 meministi,
1049 795 1107 856 quo

92 875 231 947 tempore
262 867 337 928 haec
369 865 552 928 observando
588 884 752 946 numquam
783 868 814 926 in
846 865 941 928 ullum
974 868 1109 944 corporis

90 955 270 1035 languorem
292 955 437 1036 incidisti,
463 973 522 1034 quo
545 961 680 1033 tempore
703 973 759 1015 nec
782 962 919 1016 nostrum
941 955 1108 1034 Augustum

53 1047 255 1124 nequicquam
284 1043 464 1104 molestioris
490 1044 672 1104 incommodi
698 1062 819 1123 passum
846 1063 912 1106 esse
935 1046 1023 1105 nosti.
1065 1044 1107 1105 lta
1129 1056 1160 1106 lt

91 1135 172 1194 enim
196 1151 246 1193 me
270 1139 370 1193 tecum
393 1132 531 1212 habebis,
559 1133 586 1193 si
611 1131 745 1193 libellum
770 1151 871 1194 meum
897 1133 1022 1212 legendo
1046 1151 1108 1193 sae·

90 1223 161 1300 pius
184 1223 336 1302 tractaris,
360 1223 411 1300 qui
433 1220 552 1300 plenius
574 1220 628 1282 tibi
651 1239 699 1281 me
722 1221 844 1282 absente
867 1230 1019 1300 praestare
1039 1240 1107 1282 con·

91 1310 194 1372 silium
224 1313 256 1370 in
284 1309 422 1370 omnibus
449 1312 570 1388 poterit
614 1309 737 1371 Terenti
763 1309 910 1390 Euelpisti
940 1313 973 1371 in
1004 1309 1108 1372 ultimo

89 1397 193 1459 libello
209 1399 291 1477 leges
308 1399 448 1478 dynames
467 1397 637 1478 herbarum,
652 1416 725 1478 quas
739 1406 773 1459 ut
787 1399 992 1460 crescentibus
1006 1417 1108 1460 nume·

52 1508 77 1548 15
89 1490 135 1548 ris
160 1488 250 1548 lunae
274 1487 424 1568 observes,
447 1488 518 1548 dum
540 1486 620 1547 tollis
643 1494 672 1548 et
691 1489 844 1569 conponis,
864 1495 977 1550 curato.
1015 1488 1108 1548 Silta

89 1595 155 1636 non
183 1577 293 1636 leceris
326 1583 357 1636 et
379 1575 415 1636 ad
439 1577 671 1637 deminutionem
699 1575 787 1636 lunae
815 1577 986 1655 sustuleris,
1009 1578 1109 1637 minus

89 1663 246 1725 valebunt.
286 1663 387 1743 lpsum
416 1666 505 1725 etiarn
530 1681 611 1724 mare
634 1683 689 1742 per
711 1663 812 1724 ltrnam
835 1667 938 1743 augeri
961 1672 992 1724 et
1014 1665 1109 1724 minui

91 1755 223 1832 scimus,
247 1753 371 1814 cerebra
395 1755 482 1814 etiam
505 1752 658 1813 hominum
683 1760 830 1830 augentur
853 1758 1007 1812 crescente
1031 1751 1108 1812 luna.

92 1841 171 1902 Cum
199 1849 300 1902 autem
327 1843 473 1902 minuitur
504 1841 587 1918 luna,
614 1858 674 1901 una
697 1857 832 1920 quaeque
860 1859 910 1900 res
933 1839 1109 1900 deminutio·

51 1950 79 1989 so
93 1948 166 1990 nem
190 1932 289 1990 sentit.
323 1929 408 2000 Quod
431 1930 501 1991 licet
522 1947 719 2008 recognoscas
743 1947 779 1989 ex
798 1927 854 2008 his,
874 1927 982 2008 quibus
1002 1928 1109 1989 cotidie

94 2021 207 2099 uteris,
239 2025 339 2079 tamen
371 2029 402 2080 et
432 2037 487 2098 per
515 2036 562 2078 me
594 2018 764 2079 admonitus
796 2019 873 2078 scies
910 2015 1047 2077 omnibus
1080 2025 1110 2076 et

94 2109 193 2168 minui
216 2114 408 2185 augmentum
431 2115 462 2168 et
484 2108 587 2185 augeri
610 2125 664 2186 per
686 2106 794 2168 lunam.
834 2105 919 2176 Quod
943 2107 969 2165 si
991 2107 1033 2166 ita
1056 2113 1110 2185 est,

95 2197 126 2255 in
155 2195 260 2256 herbis
289 2215 408 2276 quoque
436 2195 570 2274 legendis
597 2195 859 2275 conponendisque
886 2194 1109 2256 medicamentis

96 2285 157 2345 rim
180 2286 247 2344 eius
270 2291 301 2344 et
323 2291 501 2364 potestatem
528 2301 583 2344 nos
606 2283 763 2345 observare
787 2284 896 2346 debere
920 2302 957 2345 ne
981 2283 1108 2346 dubites.

121 2495 294 2576 Epistula
316 2494 411 2556 Plini
435 2495 587 2556 secundi
610 2495 650 2555 ad
674 2496 807 2556 amicos
831 2495 871 2556 de
894 2495 1080 2557 medicina.

60 2657 83 2696 ns
186 2636 374 2715 Frequenter
392 2637 465 2697 mihi
483 2639 514 2698 in
533 2635 822 2716 peregrinationibus
841 2637 957 2717 accidit,
974 2645 1008 2698 ut
1021 2655 1109 2716 prop·
1130 2647 1144 2696 1

95 2733 143 2786 ter
167 2742 265 2785 meam
293 2733 344 2786 aut
371 2743 507 2786 meorum
534 2725 736 2786 infirmitatem
760 2727 855 2785 varias
879 2725 999 2786 fraudes
1018 2725 1108 2786 medi·

95 2831 204 2875 corum
227 2817 394 2894 experirer,
419 2813 595 2893 quibusdam
618 2813 759 2874 vilissima
782 2813 913 2874 remedia
939 2814 1110 2893 ingentibus

95 2903 205 2982 pretiis
232 2902 437 2984 vendentibus,
465 2902 530 2963 aliis
554 2921 681 2981 eaquae
705 2919 811 2962 curare
830 2901 1001 2964 nesciebant
1028 2905 1110 2982 cupi-

97 2991 200 3051 ditatis
227 3008 316 3050 causa
350 2989 598 3072 suscipientibus3
631 2991 773 3070 quosdam
800 3008 871 3050 vero
903 2993 1027 3070 conperi
1053 2990 1110 3052 hoe

63 3098 84 3138 ao
97 3097 210 3158 genere
233 3081 372 3160 grassari,
394 3088 428 3140 ut
450 3078 644 3159 languentes,
657 3081 708 3158 qui
726 3080 913 3157 paucissimis
936 3079 1042 3142 diebus
1065 3079 1111 3140 vel

97 3170 188 3230 etiam
216 3167 299 3228 horis
326 3176 449 3248 possent
464 3171 587 3250 sanari,
610 3170 642 3228 in
665 3167 785 3246 longum
808 3174 925 3247 tempus
948 3169 1110 3248 traherent,

168 3307 188 3355 4
206 3301 398 3358 valebrdinem
416 3304 529 3374 scripsi:
552 3301 716 3358 valitudine.
787 3306 820 3354 13
838 3301 977 3370 Euelpisti
998 3302 1111 3369 scripsi:

99 3371 231 3443 Velpisti.
315 3379 348 3428 16
368 3373 590 3430 deminutionem
609 3378 658 3428 lm
677 3371 892 3426 diminutionem
910 3374 971 3438 dm,
989 3372 1110 3425 item19.

100 3450 132 3498 31
150 3445 280 3516 possent]
299 3447 378 3516 poss.
