2636 3790
587 77 806 193 -cr-

193 293 278 353 dicus
307 293 423 353 adicere
452 291 557 352 solitus
586 299 649 352 erat
677 294 766 352 etiam
794 291 1005 370 mandragorae
1034 294 1099 352 suci
1129 325 1166 334 -
1192 291 1205 351 Ι

193 390 223 442 et
250 381 367 442 lentisci
395 383 461 441 suoi
484 415 524 422 —
550 380 562 440 Ι
597 399 631 442 ac
659 380 765 441 deinde
797 382 952 458 permixtis
986 380 1124 441 omnibus
1148 381 1206 440 lor-

192 488 274 530 mare
298 469 417 550 collyria
442 468 486 529 vel
508 469 641 549 pastillos
665 471 769 529 autin
795 487 844 529 vas
868 477 1023 548 stagneum
1042 469 1205 530 recondere

193 567 223 619 et
242 577 309 619 cum
328 577 404 638 opus
424 565 503 618 esset
522 560 567 618 uti
585 558 620 618 ad
639 559 864 636 inunguendum
881 557 927 617 rel
941 557 1205 636 superliniendum.

157 663 172 713 9
191 647 246 708 Est
264 647 436 708 huiusmodi
453 645 712 726 medicamentum,
734 646 814 725 quod
836 645 1081 723 perichristarion
1100 655 1206 707 vocant
1222 662 1238 702 a

192 736 310 816 Graeci,
334 735 413 815 quod
436 735 686 795 medicamentum
709 736 781 794 satis
805 733 909 794 ellicax
933 743 991 815 est,
1015 753 1074 814 quo
1097 737 1137 795 ita
1161 738 1206 795 uti

193 834 319 904 oportet,
338 832 372 884 ut
390 823 548 902 palpebrae
568 823 718 902 suptiliter
736 823 805 883 inde
826 822 1056 904 superlinantur,
1077 841 1114 883 ne
1134 823 1205 902 quid

191 915 269 974 intra
288 913 408 974 oculum
426 911 507 972 lluat.
544 912 661 991 Recipit
680 919 778 972 autem
795 911 880 972 haec:
904 911 990 971 Croci
1010 911 1102 972 Siculi
1116 911 1142 970 X
1156 911 1206 992 lll,

191 1019 323 1080 magmae
347 1003 428 1062 croci
451 999 477 1060 X
501 999 567 1076 Xll,
592 1003 668 1061 turis
691 999 789 1080 Xlll,
813 999 950 1060 aluminis
974 999 1096 1060 rotundi
1114 999 1140 1058 X
1159 998 1205 1078 Vl,

191 1092 241 1168 opi
264 1089 289 1148 X
312 1089 353 1170 ll,
376 1107 492 1168 myrrae
515 1088 541 1148 X
564 1089 603 1168 ll,
630 1091 756 1150 cummis
779 1087 804 1147 X
825 1087 874 1148 Ill.
919 1088 964 1148 Ex
987 1090 1055 1148 vino
1079 1087 1204 1148 Falerno
1221 1105 1252 1144 ιο

191 1185 330 1237 teruntur
362 1177 435 1237 haec
467 1177 513 1236 vel
541 1184 741 1256 asperguntur
769 1184 799 1237 et
827 1195 896 1237 cum
923 1176 999 1236 bene
1027 1176 1101 1236 levia
1128 1176 1206 1236 lacta

191 1274 270 1345 sunt,
288 1265 324 1326 ad
345 1265 572 1326 crassitudinem
587 1265 659 1326 honi
677 1263 773 1325 mellis
788 1267 964 1345 spissantur,
983 1265 1110 1326 adicitur
1124 1273 1204 1343 post-

191 1372 224 1414 ea
257 1356 336 1433 passi
369 1349 480 1413 Cretici
512 1353 537 1412 Χ
570 1352 582 1412 Ι
620 1361 650 1414 et
682 1355 837 1432 reponitur
869 1355 901 1412 in
933 1353 1038 1433 pyxide
1074 1363 1205 1432 stagnea.

191 1441 265 1502 Cum
293 1444 372 1503 euim
400 1460 522 1520 passum
549 1441 697 1502 adiectum
726 1441 829 1522 luerit,
857 1441 1012 1520 collyrium
1036 1443 1106 1522 erit;
1136 1460 1203 1502 nam

138 1546 170 1596 ιο
190 1549 226 1590 ex
253 1533 318 1610 ipso
348 1529 493 1608 superlini
520 1529 617 1591 debet.
662 1529 743 1590 Bene
771 1529 841 1590 lacit
868 1530 924 1590 hoc
954 1530 1202 1590 medicamentum
1221 1547 1250 1588 15

190 1619 226 1679 ad
250 1619 477 1698 superlinendos
498 1618 609 1699 oeulos,
634 1637 692 1697 quo
712 1618 864 1696 Augustus
882 1636 956 1678 usus
977 1627 1035 1679 est:
1059 1618 1204 1679 Aluminis

190 1709 253 1768 fissi
271 1707 297 1767 Χ
316 1707 376 1788 XL,
400 1709 475 1768 turis
494 1706 520 1768 Χ
539 1706 574 1788 X,
597 1707 676 1767 aloes
695 1705 721 1766 Χ
740 1705 800 1788 XV,
824 1709 905 1767 croci
924 1706 950 1766 Χ
968 1706 1029 1787 XV,
1051 1709 1101 1786 opi
1119 1707 1144 1766 X
1168 1707 1203 1786 ll,
1282 1773 1283 1776 Ἴ

189 1796 281 1875 gallae
301 1795 326 1856 Χ
346 1795 382 1877 X,
405 1814 490 1856 rosae
510 1796 648 1856 loliorum
667 1795 818 1856 aridorum
838 1794 864 1854 Χ
882 1794 918 1875 X,
942 1795 1119 1875 plantaginis
1139 1798 1203 1856 suci
1282 1791 1283 1863 l

189 1884 236 1946 vel
264 1887 385 1946 seminis
412 1883 438 1944 Χ
463 1883 497 1945 Χ.
543 1883 586 1944 Ex
619 1885 688 1944 vino
720 1883 846 1944 Falerno
879 1889 1019 1945 teruntur
1051 1885 1124 1944 haec
1157 1882 1204 1943 vel

189 1983 389 2053 asperguntur
417 1983 446 2034 et
474 1991 541 2034 cum
567 1973 641 2033 levia
664 1973 740 2033 lacta
765 1981 834 2032 sunt
856 1990 890 2032 ac
916 1972 1011 2032 mellis
1036 1973 1202 2051 spissitudi-
1217 1990 1249 2030 20

188 2081 256 2123 nem
280 2061 399 2142 hahent,
422 2061 549 2122 adicitur
572 2061 619 2122 his
642 2063 722 2140 passi
746 2061 892 2120 sextarius
911 2060 957 2119 vel
977 2059 1054 2139 quod
1075 2061 1204 2120 sufficiat

137 2163 169 2212 11
189 2160 219 2212 et
253 2153 410 2230 reponitur
441 2152 473 2209 in
505 2168 573 2210 vaso
606 2157 728 2228 stagneo
760 2148 806 2208 vel
839 2156 986 2226 argenteo.
1041 2146 1202 2227 Collyrium

188 2241 306 2316 nigrum
335 2239 371 2299 ab
400 2237 546 2316 Antigono
575 2245 727 2315 repertum
761 2237 796 2296 ad
825 2239 921 2296 omnia
951 2238 1061 2296 intacta
1089 2236 1201 2298 iaciens

188 2328 309 2404 accipit:
346 2325 483 2385 Cadmiae
510 2326 536 2385 Χ
564 2324 670 2384 XXXV
698 2325 732 2405 S,
763 2324 848 2385 stibis
880 2325 905 2384 Χ
933 2322 1056 2403 ΧΧΙΙΙΙ,
1088 2327 1202 2403 piperis

187 2413 213 2474 Χ
232 2412 310 2495 Vlll,
334 2415 484 2491 aeruginis
507 2433 590 2475 rasae
614 2413 640 2474 X
656 2412 734 2494 Vlll,
758 2414 884 2474 cummis
903 2412 929 2472 X
947 2411 1069 2494 XXllll,
1092 2416 1202 2474 teritur
1216 2431 1245 2471 aa

188 2521 224 2562 ex
248 2520 323 2581 aqua
346 2501 502 2580 pluviatica
526 2511 614 2582 atque
638 2503 804 2563 coniicitur.
850 2501 975 2562 Cosmus
1001 2501 1109 2562 adiecit
1132 2502 1203 2564 huic

187 2589 309 2670 collyrio
337 2597 513 2651 centaureae
542 2593 640 2651 tenuis
669 2593 733 2652 suci
756 2589 782 2650 X
805 2588 844 2670 X,
873 2590 953 2668 quod
981 2599 1062 2650 recte
1091 2590 1203 2652 lactum

136 2691 168 2740 12
187 2697 264 2738 reor.
311 2677 480 2760 Collyrium,
504 2679 582 2758 quod
606 2679 641 2740 ad
666 2697 783 2739 omnem
807 2677 979 2756 epiphoram
1004 2688 1033 2738 et
1056 2680 1202 2758 inquieta·

187 2769 298 2827 tionem
327 2775 357 2827 et
384 2774 531 2827 tumorem
561 2767 630 2828 iacit
658 2766 821 2827 sedandum
849 2769 913 2826 sine
941 2766 1053 2846 dolore,
1092 2770 1203 2846 accipit

186 2854 273 2916 haec:
303 2854 511 2934 Pomphclygis
534 2854 559 2916 X
583 2854 661 2936 Vlll,
685 2857 799 2916 cicutae
823 2857 888 2916 suci
911 2855 995 2934 aridi,
1018 2855 1047 2915 id
1073 2863 1118 2916 est
1142 2859 1199 2918 sic·
1214 2874 1241 2914 eo

187 2945 253 3023 cati,
276 2943 302 3003 X
325 2943 375 3024 Vl,
399 2945 449 3024 opi
473 2943 497 3003 X
521 2943 587 3025 llll,
611 2943 822 3022 mandragorae
847 2945 912 3004 suci
935 2943 1011 3004 aridi
1034 2943 1110 3022 XV,
1135 2963 1199 3005 aca-

187 3035 248 3092 ciae
268 3032 294 3093 X
313 3031 363 3110 Vl,
389 3034 515 3092 cummis
534 3032 560 3092 X
578 3031 610 3113 V,
633 3034 742 3092 teritur
765 3050 801 3092 ex
825 3032 975 3092 coriandri
998 3035 1095 3092 teneri
1118 3051 1200 3095 suco.
1279 3081 1280 3084 ,

186 3120 249 3181 Hoc
277 3121 432 3200 collyrium
460 3121 581 3199 prodest
605 3124 692 3182 etiam
716 3128 799 3180 extra
823 3119 925 3181 oculos
948 3129 1140 3201 perunctum,
1170 3124 1200 3184 id

134 3222 166 3271 13
187 3218 233 3271 est
256 3209 465 3272 circumlitum.
497 3209 658 3290 Collyrium
672 3210 708 3270 ab
723 3208 894 3288 Asclepiade
910 3208 946 3268 ad
962 3208 1120 3288 epiphoras
1135 3229 1200 3290 spe·

251 3424 273 3500 ,3
292 3416 437 3488 pastellos.
460 3416 585 3542 ·⁶Xu⁰]
604 3415 702 3499 quod..
741 3413 886 3482 ttreeepit.
938 3413 1031 3470 Sieoli.
1090 3422 1123 3472 2'l
1139 3433 1201 3472 cen·
1278 3407 1279 3456 Ῠ

185 3487 318 3544 mancae.
391 3495 425 3543 29
444 3504 503 3543 eme
542 3487 648 3542 olorem
666 3489 736 3556 (etc).
