2518 3806
560 108 803 173 -352-

175 274 335 352 praecipue
358 271 413 331 bac
437 271 560 332 medella
583 273 763 350 extirpatur:
786 271 866 331 Auro
890 271 1023 332 fervente
1044 275 1190 334 circuitus
1247 233 1248 276 l

176 379 280 421 eorum
308 360 423 421 urendo
452 360 638 440 designatum
672 359 750 439 quod
782 362 882 438 potius
910 365 956 420 est
984 378 1053 421 cum
1089 361 1191 422 doloro

175 453 302 510 maximo
330 449 364 509 ad
394 459 576 510 momentum
605 449 684 508 terre
707 467 797 526 quam
819 450 983 510 inveterato
1007 450 1101 510 etiam
1129 470 1191 511 555-

175 540 315 599 cromatis
338 537 441 598 morbo
465 556 572 598 noxam
595 545 756 617 perpetuae
780 535 941 598 debilitatis
964 539 1138 599 incurrere.

121 633 155 683 49
263 627 354 687 Urina
381 626 455 686 muli
482 627 527 687 vel
555 624 651 687 marlae
678 625 724 686 vel
748 627 824 685 asini
846 643 914 686 cum
939 644 993 686 suo
1016 625 1082 687 luto
1107 628 1210 688 1511155

121 721 155 772 5ο
175 726 205 776 51
228 716 324 777 515555
348 713 446 775 abolet
467 724 497 775 et
516 715 597 775 callis
616 714 761 775 medetur.
799 713 901 774 Fimus
920 717 1019 775 ovium
1038 717 1192 794 inpositus

173 804 220 865 vel
243 805 370 865 lacertae
394 805 478 864 iecur
497 811 548 864 aut
566 804 687 882 sanguis
706 805 737 863 in
756 803 854 863 lanula
872 802 1038 881 adplicatus
1057 803 1105 864 551
1129 807 1192 885 ipsa
1247 811 1248 888 l

174 893 284 954 lacerta
312 901 431 953 exsecta
458 892 592 971 adposita
617 892 768 954 clarorum
790 895 869 952 intra
891 892 1025 952 triduum
1048 909 1191 970 perseve-

172 985 299 1042 rantiam
322 981 407 1042 151111.
1247 975 1248 1054 J

120 1076 153 1126 51
263 1071 379 1130 Fimum
403 1068 606 1130 columbinum
630 1088 666 1129 ex
697 1077 779 1130 aceto
807 1076 924 1130 coctum
953 1076 983 1128 et
1009 1071 1040 1128 in
1064 1071 1220 1132 modumn

174 1158 357 1236 malagmatis
390 1157 546 1218 subactum
578 1165 667 1236 atque
699 1159 867 1237 adpositum
899 1157 935 1218 ad
968 1160 1068 1218 omnia
1097 1177 1190 1238 supra
1247 1199 1248 1214 1

121 1253 155 1302 52
176 1248 287 1323 scripta
311 1245 502 1305 utilissimum
525 1263 591 1305 esse
615 1255 739 1307 constat.
774 1246 876 1306 Fimus
899 1248 964 1324 apri
987 1245 1033 1306 vel
1052 1249 1118 1306 suis
1139 1249 1189 1308 do-

173 1335 289 1393 mestici
313 1351 419 1393 recens
441 1334 589 1410 inpositus
613 1342 643 1394 51
664 1343 733 1412 post
750 1337 874 1396 tertium
892 1334 969 1394 diem
990 1334 1106 1396 solutus
1126 1337 1189 1396 eili-

119 1429 153 1479 53
173 1424 284 1483 5551155
308 1421 415 1504 515555,
438 1439 579 1482 55555555
602 1422 744 1484 51551155
767 1425 872 1484 551551.
909 1422 942 1483 Si
964 1441 1055 1502 supra
1079 1424 1188 1485 callum

171 1510 244 1572 alica
268 1530 305 1571 ex
328 1529 416 1590 posca
441 1517 524 1571 cocta
547 1529 601 1590 per
624 1511 758 1572 triduum
781 1515 888 1592 utaris,
917 1514 981 1572 sine
1009 1512 1220 1574 difficultatem

172 1599 329 1682 sanabere,
358 1603 446 1660 etiam
475 1602 500 1659 si
523 1601 609 1660 urina
633 1603 715 1661 canis
737 1603 861 1678 virginis
885 1619 953 1661 cum
977 1618 1031 1661 suo
1055 1601 1118 1662 luto
1145 1605 1188 1662 in·

171 1691 268 1768 posita
292 1688 383 1750 callos
406 1706 606 1767 verrucaeque
629 1691 786 1769 consumit,
809 1696 869 1750 tam
893 1689 945 1750 diu
968 1698 1067 1749 tamen
1090 1691 1187 1752 inalli·
1247 1751 1248 1756 ,

117 1785 152 1835 51
171 1785 250 1858 gata,
279 1777 420 1856 quamdiu
448 1795 497 1837 eas
526 1780 663 1838 excutiat.
706 1777 814 1838 Tribus
838 1777 921 1838 labae
944 1779 1044 1855 granis
1068 1777 1186 1840 clavum

169 1869 282 1944 tangito
306 1884 399 1945 eaque
423 1867 454 1925 in
478 1865 651 1926 sterculinio
675 1866 819 1944 defodito,
847 1884 885 1926 ne
909 1869 1026 1926 renasci
1051 1869 1184 1948 possint;
1247 1867 1248 1870 ’

169 1962 280 2032 quanto
299 1955 447 2015 maturius
464 1957 702 2035 computruerint,
721 1963 803 2015 tanto
818 1954 946 2016 celerius
961 1954 1059 2015 clavos
1074 1964 1183 2034 sponte
1198 1976 1223 2014 ao

169 2043 307 2104 decidere
332 2041 495 2102 miraberis.

116 2142 150 2192 55
259 2131 375 2212 Claros,
403 2133 456 2209 qui
483 2133 514 2191 in
542 2131 675 2192 articulis
704 2139 966 2210 supercrescentes
990 2131 1108 2192 dolores
1132 2152 1184 2193 ex·

168 2220 273 2280 hibere
297 2226 490 2300 consuerunt,
513 2219 668 2280 incidirel
687 2220 751 2280 radi
770 2219 922 2280 advirum
942 2228 1067 2300 oportet,
1090 2229 1183 2298 prout

171 2311 238 2386 quis
262 2311 324 2386 pati
346 2309 485 2388 potuerit,
510 2316 598 2386 atque
622 2308 659 2368 de
682 2308 793 2387 lupinis
816 2308 918 2370 crudis
940 2311 1025 2389 prius
1048 2309 1182 2370 decoria-

168 2398 208 2456 tis
231 2397 356 2456 lerinam
379 2397 485 2457 factam
510 2395 648 2474 subigere
672 2415 740 2458 cum
763 2396 850 2460 melle
874 2405 904 2458 et
926 2397 1078 2476 emplastri
1097 2417 1219 2460 moneas

168 2502 379 2562 superponere.

114 2586 147 2634 55
257 2571 387 2633 Subraso
415 2573 496 2632 clavo
524 2573 634 2634 calcem
664 2575 758 2633 vivam
785 2576 865 2634 visco
894 2573 1046 2635 subactam
1069 2577 1179 2654 inpone

114 2673 148 2724 55
168 2668 198 2720 51
212 2659 365 2721 linteolum
380 2661 565 2742 superalliga,
584 2665 643 2722 cito
662 2661 830 2722 medebere.
853 2662 1112 2741 Auripigmentum
1128 2667 1179 2724 tri-

167 2756 231 2808 tum
256 2756 286 2808 et
309 2751 439 2808 resinam
462 2749 692 2810 terebinthinam
716 2751 874 2830 liquefacta
897 2753 933 2812 ad
952 2751 1178 2812 similitudinem

114 2849 147 2900 58
167 2837 262 2897 555511
280 2837 389 2915 inpone
409 2836 537 2898 clavellis
551 2841 635 2916 prius
650 2839 776 2920 derasis;
795 2841 870 2899 mire
884 2839 1027 2918 proderit.
1059 2839 1216 2901 1151155555

166 2925 259 3004 radix,
278 2924 405 2985 medulla
424 2926 556 3004 caprifici
575 2934 605 2986 et
624 2925 678 2987 1155
698 2927 863 2988 chalcitidis
881 2930 948 3006 pari
961 2929 1093 3008 pondere
1108 2947 1178 2990 con·

166 3021 315 3075 teruntur.
348 3013 427 3074 llaec
447 3014 536 3076 simul
549 3017 639 3075 mixta
654 3015 719 3076 1555
734 3015 848 3077 clavelli
862 3035 1047 3096 superpones
1062 3026 1092 3078 et
1105 3017 1177 3096 liga-

165 3101 220 3184 bis,
237 3103 284 3164 die
299 3104 387 3163 tertia
402 3102 506 3184 solves,
524 3105 624 3164 statim
639 3104 764 3184 decidet,
779 3104 825 3165 551
840 3107 865 3166 51
879 3105 976 3167 adhuc
991 3109 1178 3186 remanserit,

164 3193 270 3252 iterato
294 3194 419 3270 inpones
443 3201 474 3252 51
492 3192 592 3254 triduo
612 3191 671 3253 illio
690 3193 940 3254 medicamentum
959 3213 1025 3254 esse
1044 3197 1176 3273 patieris.

253 3399 544 3453 emunomantum.'
605 3403 639 3452 29
658 3397 865 3452 terebintinam.
961 3403 995 3452 31
1015 3399 1174 3456 55511111ᾶί5.

164 3468 197 3515 32
217 3464 352 3522 planellis.
