2540 3802
543 103 786 170 „254-

161 264 291 326 XXXV.
326 264 420 326 Datur
443 275 587 345 quantum
611 265 693 326 labae
717 266 889 344 magnitudo
914 275 959 325 est
978 266 1177 346 Aegyptiacae

160 371 195 412 ex
214 353 304 414 mulsi
323 353 427 434 cyatho
445 356 537 414 mixto
553 372 620 414 cum
635 373 728 433 aquae
744 353 857 434 cyathis
872 353 997 433 duohus,
1017 354 1069 414 sed
1088 354 1177 415 lebri-

159 441 321 503 citantihus
345 461 381 502 ex
404 461 496 521 aquae
520 442 633 502 mulsae
657 442 771 522 cyathis
795 441 892 503 trihus
916 442 980 502 dari
1003 441 1103 503 dehet.

122 545 140 593 4
248 531 291 591 hd
319 539 468 592 tumorem
496 539 526 592 et
554 531 686 592 dolorem
715 541 745 591 et
768 531 1018 592 exulcerationem
1042 534 1177 592 vessicae

158 617 235 679 hene
263 619 333 680 lacit
360 638 435 698 aqua
463 628 545 698 pota,
572 622 603 680 in
632 639 688 699 qua
717 620 831 680 ferrum
855 619 984 680 candens
1009 621 1200 681 demissumt

159 715 212 768 est.
247 707 311 768 Hoc
330 716 459 768 tractum
478 717 523 768 est
542 707 578 768 ah
598 711 683 787 aquis
702 708 814 788 calidis,
834 727 908 786 qrtae
929 716 999 768 sunt
1018 711 1048 768 in
1065 708 1178 770 Tuscia

158 796 295 877 ferratae,
314 814 389 874 qnae
407 798 533 856 mirifice
553 797 719 858 remediant
737 799 867 858 vessicae
883 799 960 875 vitia,
981 796 1059 858 unde
1074 798 1177 876 appel-

158 883 257 944 lantur
281 886 466 965 vessicariae,
489 887 541 965 qui
559 885 642 946 locus
662 885 810 964 quondam
835 885 891 945 luit
909 884 1026 945 Milonis
1046 885 1177 947 Brocchi

157 975 318 1053 praetoris,
345 973 474 1034 hominis
502 975 620 1055 optimi,
648 975 684 1034 ad
713 975 1012 1053 quinquagensimum
1036 973 1073 1034 ab
1098 974 1176 1035 urhe

157 1061 292 1140 lapidem.
1189 1077 1215 1116 to

121 1163 138 1212 5
246 1150 289 1209 hd
313 1159 461 1210 tumorem
485 1160 515 1211 et
534 1149 666 1210 dolorem
685 1152 816 1210 vessicae
835 1150 919 1210 etad
939 1169 998 1229 coe,
1023 1153 1075 1229 qui
1094 1151 1172 1211 diffi-

157 1237 253 1298 culter
276 1240 393 1298 urinam
416 1238 554 1316 reddunt,
578 1240 634 1298 sic:
659 1238 771 1300 Alterci
794 1241 925 1318 seminis,
949 1239 1060 1300 malvae
1083 1243 1173 1300 semi-

156 1329 212 1406 nis,
231 1329 400 1387 cucumeris
419 1326 516 1387 edulis
535 1328 658 1387 seminis
676 1329 803 1407 purgatI,
823 1327 1009 1406 singulorum
1027 1326 1053 1387 ll
1073 1347 1172 1411 senos,

157 1414 375 1494 amygdalornm
404 1415 536 1475 dulcium
564 1424 773 1494 purgatorum,
806 1415 981 1476 nucleorum
1011 1419 1170 1495 pineorum

156 1513 364 1584 purgatorum,
392 1503 577 1584 singulorum
606 1503 631 1563 X
662 1513 777 1585 ternos,
807 1506 856 1583 opi
884 1504 909 1564 X
934 1505 959 1585 Ι,
988 1508 1068 1566 croci
1093 1504 1171 1568 XV.
1185 1519 1207 1559 1⁶

156 1591 246 1652 Passo
270 1600 394 1653 contusa
418 1593 490 1654 haec
514 1595 611 1653 omnia
635 1601 887 1672 consparguntur,
915 1593 1003 1654 datur
1028 1592 1085 1654 hoc
1110 1612 1170 1654 me-

155 1680 355 1742 dicamentum
383 1682 420 1742 ad
448 1700 618 1742 mensnram
642 1682 756 1742 denarii
779 1684 869 1741 nnius
893 1700 928 1742 ex
951 1683 1033 1760 passi
1055 1683 1170 1762 cyathis

155 1769 271 1830 duohns
295 1779 326 1831 et
348 1788 440 1848 aquae
464 1770 582 1850 tepidae
607 1771 740 1831 totidem.

119 1872 135 1920 6
243 1859 286 1918 Ad
310 1861 455 1920 vessicam
479 1859 677 1920 exulceratam
700 1858 864 1919 remedium
888 1858 999 1919 honum
1024 1861 1080 1921 sic:
1108 1858 1169 1920 Nu-

154 1945 287 2007 oleorum
306 1949 463 2025 pineorum
483 1956 676 2027 purgatorum
696 1946 757 2028 ΙΙΙ,
776 1949 945 2008 cucumeris
965 1947 1060 2008 edulis
1080 1951 1169 2009 semi·
1185 1963 1207 2001 2⁰

154 2037 200 2095 nis
223 2038 342 2114 purgati
366 2037 513 2116 cyathum,
537 2039 618 2096 anesi
642 2036 789 2115 cyathum,
813 2037 966 2114 papaveris
990 2038 1068 2114 nigri
1087 2035 1113 2096 X
1132 2036 1170 2119 Il,

154 2127 235 2184 croci
258 2123 341 2204 llll,
369 2124 481 2202 palmas
509 2127 635 2185 cariotas
660 2123 748 2185 XXX.
794 2123 853 2184 llas
881 2127 1026 2185 macerari
1048 2132 1170 2204 oportet

153 2215 233 2291 passi
256 2211 287 2272 ὅ*
316 2212 433 2273 duobus
461 2220 549 2290 atque
578 2215 707 2293 conteri,
736 2213 843 2272 deinde
871 2213 918 2272 his
947 2213 1024 2273 adici
1052 2221 1169 2295 cetera,

153 2317 188 2358 ex
219 2319 253 2360 eo
282 2301 346 2361 dari
374 2303 460 2361 nucis
488 2300 635 2378 iuglandis
662 2301 898 2380 magnitudinem
928 2319 964 2362 ex
994 2304 1074 2381 passi
1101 2321 1167 2381 cya-

153 2387 212 2448 this
236 2388 341 2449 trihus
1183 2404 1209 2444 2⁵

118 2491 133 2538 t
241 2477 284 2536 Ad
305 2479 478 2557 sanguinem
498 2496 552 2556 per
571 2480 687 2538 urinam
705 2477 890 2538 cumdolore
906 2478 1078 2539 reddentes:
1096 2477 1166 2539 hlu-

152 2566 242 2624 minis
260 2565 323 2625 fissi
341 2566 366 2625 X
381 2567 403 2647 Ι,
421 2566 605 2644 tragacanthi
625 2566 685 2626 XI.
719 2566 955 2645 Tragacanthum
975 2567 1071 2646 pridie
1090 2585 1167 2646 aqua

151 2662 333 2714 maceratum
362 2655 484 2714 alumini
514 2658 585 2715 trito
614 2655 772 2716 admisceri
803 2663 933 2736 oportet,
964 2656 1070 2716 deinde
1098 2656 1165 2716 lieri

151 2741 284 2820 pastillos
308 2742 342 2802 ad
367 2743 482 2804 denarii
505 2746 659 2803 semissem
678 2743 725 2804 vel
746 2745 833 2804 tertia
853 2745 998 2825 detracta;
1022 2745 1109 2804 datur
1129 2762 1165 2804 ex

150 2833 231 2909 passi
254 2831 368 2909 cyathis
391 2831 496 2893 trihus.
1179 2848 1207 2886 8⁰

115 2932 132 2982 8
241 2920 285 2979 hd
313 2919 476 2980 calculosos
504 2922 649 2998 optimum
677 2922 842 2982 remedium
870 2932 916 2982 est
943 2920 1166 3003 scolopendros,

151 3025 239 3087 quam
263 3026 318 3068 nos
342 3009 517 3088 saxifragum
540 3008 731 3093 appellemus,
754 3009 843 3071 huius
862 3018 1004 3071 contusae
1024 3010 1165 3072 denarius

150 3115 228 3158 unus
252 3115 288 3157 ex
307 3116 400 3177 aquae
419 3097 532 3178 cyathis
550 3096 648 3158 trihus
667 3117 721 3178 per
740 3097 803 3158 dies
822 3097 903 3158 XXX
923 3099 1017 3160 datur.
1049 3097 1164 3159 Eodem

149 3186 237 3247 modo
248 3186 314 3248 data
324 3187 517 3248 hierobotane
526 3186 1165 3269 prodest,quamnosverhenacamdicimus.

239 3322 428 3393 hdimissum,
447 3324 562 3379 correct.
653 3322 814 3378 Scondem.
905 3327 938 3375 21
958 3321 1087 3390 cynthus,
1111 3322 1163 3376 bie.

149 3399 182 3446 22
202 3395 312 3462 palmas
331 3397 360 3448 et
379 3393 508 3450 carietes.
564 3394 678 3463 oportit.
738 3398 772 3446 24
790 3391 995 3462 magnitudine.
1050 3397 1083 3446 28
1102 3392 1164 3445 olu-

149 3463 231 3516 mine.
304 3470 337 3519 29
357 3464 501 3535 postellus.
570 3470 604 3518 34
623 3463 818 3532 verbenacam]
837 3463 1018 3518 vettonicam.
