2564 3794
444 129 738 222 '-so-

25 321 26 384 3
123 317 213 379 dehet
236 319 348 396 inponi.
384 317 427 377 Ad
451 316 621 396 nyctalopas
641 317 799 378 abolendas
817 318 978 398 lychnitem
996 319 1191 402 lapidem,188

25 431 26 442 ¹
124 424 214 486 quem
237 425 291 466 nos
315 405 529 467 carbunculum
549 406 684 486 dicimus,
708 413 808 467 tecum
826 406 943 489 habeto,
966 426 1071 486 magno
1090 427 1137 470 re-

122 495 222 555 medio
246 496 353 575 uteris;
383 511 472 572 quem
495 502 529 555 ut
551 513 655 555 verram
678 512 744 555 esse
768 497 854 575 scias,
877 497 920 556 sic
944 499 1088 578 experire,
1112 499 1138 558 si

123 584 254 644 festucas
277 583 357 643 leves
379 582 512 643 admotas
535 583 571 644 ad
590 601 622 644 se
641 585 728 663 rapit,
752 586 830 645 sicut
847 583 922 662 lapis
940 601 1061 663 magnes
1079 585 1137 646 ier-

94 688 192 734 srum
211 689 316 750 rapere
335 673 497 732 consuerit.
530 671 616 732 Iecur
635 671 764 752 ouillum,
784 673 815 733 id
834 680 880 732 est
897 675 961 732 ovis
980 673 1190 754 candidae‚189

123 760 290 821 discoctum
318 777 387 820 cum
414 777 490 838 aqua
515 760 716 820 madefactum
743 763 964 840 contritumque
988 769 1019 821 et
1042 761 1135 821 oculis

123 850 346 928 superpositum
370 847 539 927 nyctalopas
562 857 677 927 purgat.
717 848 841 929 Varulis,
864 849 894 910 id
919 857 965 910 est
987 849 1191 911 hordiolis190

123 935 289 1019 oculorum,
312 937 477 998 remedium
500 936 558 996 tale
581 937 686 997 iacies:
709 937 821 997 hnulos
847 937 947 1016 digitis
972 939 1083 998 eximes
1107 945 1137 998 et

124 1027 264 1086 sinistrae
291 1043 397 1085 manus
424 1024 524 1103 digitis
552 1024 650 1085 trihus
678 1025 798 1086 oculum
826 1027 940 1086 circum
968 1023 1083 1086 tenebis
1107 1033 1137 1086 et

83 1121 171 1174 soter
195 1113 323 1192 despuas
350 1122 456 1192 terque
480 1113 574 1174 dices:
597 1115 672 1194 rica,
696 1115 771 1194 rica,
794 1131 871 1175 soro.
918 1114 950 1174 Si
973 1116 1004 1174 in
1027 1114 1188 1174 dextrotet

124 1201 211 1263 oculo
225 1201 355 1262 'varulus
379 1203 437 1262 erit
458 1209 555 1282 natus,
578 1219 668 1263 manu
693 1203 813 1263 sinistra
836 1203 938 1282 digitis
963 1202 1060 1264 tribus
1080 1201 1136 1263 sub

123 1291 191 1351 divo
206 1293 351 1351 orientem
371 1296 508 1369 spectans
527 1290 661 1352 varulum
680 1290 796 1351 tenebis
815 1299 846 1352 et
864 1291 959 1352 dices:
981 1291 1043 1352 Nec
1057 1291 1136 1352 mula

123 1381 203 1458 parit
224 1397 280 1440 nec
303 1379 377 1458 lapis
400 1378 497 1438 lanam
520 1378 578 1440 fert
600 1397 656 1439 nec
679 1379 749 1440 huic
772 1379 877 1440 morbo
904 1387 994 1459 caput
1021 1387 1137 1440 crescat

19 1540 20 1555 χ
124 1477 176 1528 aut
199 1469 226 1528 si
248 1469 384 1546 creverit,
407 1466 546 1528 tabescat.
584 1467 658 1528 Cum
681 1467 755 1528 haec
778 1468 898 1550 dixeris,
921 1469 1016 1529 isdem
1038 1468 1136 1529 tribus

18 1555 1190 1635 'umMmmMfflmwmmffmm

124 1645 182 1705 hoc
209 1645 374 1705 remedium
401 1643 558 1705 hordiolis:
594 1643 705 1704 Novem
735 1661 825 1722 gram
853 1644 960 1704 hordei
983 1661 1083 1704 sumes
1107 1651 1137 1704 et

124 1733 161 1793 de
185 1732 311 1811 singulis
334 1749 436 1792 varrrm
464 1750 579 1811 punges
606 1749 720 1811 perque
744 1731 860 1811 singula
882 1739 993 1811 puncta
1016 1747 1135 1791 carmen

17 1855 19 1863 ,
123 1821 206 1882 dices
235 1830 265 1882 et
287 1822 429 1900 proiectis
452 1837 558 1880 novem
581 1823 680 1898 granis
709 1828 824 1899 septem
851 1819 906 1880 alia
934 1820 1079 1898 corripies
1107 1826 1138 1879 et

124 1909 262 1970 similiter
280 1910 317 1970 de
337 1909 461 1989 singulis
479 1925 594 1987 punges
614 1916 644 1968 et
662 1926 783 1969 carmen
803 1910 913 1987 septies
932 1908 1022 1988 dices,
1041 1906 1136 1968 abiec-

84 2015 110 2055 so
124 2001 163 2059 tis
192 2000 281 2058 etiam
308 1997 355 2058 his
388 2000 519 2077 quinque
548 2015 648 2057 sumes
681 2005 712 2057 et
744 1996 822 2057 idem
850 1997 1009 2075 quinquies
1037 1995 1137 2076 iacies,

123 2086 205 2146 idem
232 2086 269 2146 de
296 2086 394 2146 tribus
421 2088 521 2164 granis
549 2085 698 2166 similiter,
730 2084 809 2145 idem
839 2084 876 2144 de
903 2101 964 2144 uno
992 2081 1136 2144 similiter.

124 2174 252 2236 Carmen
270 2183 370 2235 autem
392 2173 450 2234 hoc
473 2173 569 2234 dicest
593 2197 683 2254 coptu
704 2196 794 2252 nupto
815 2189 960 2252 nuncupent
980 2173 1138 2252 σουρωρβι.

124 2262 199 2324 ltem
222 2262 280 2323 hoc
300 2262 464 2324 remedium
484 2262 601 2324 efficax:
620 2263 716 2323 Grana
735 2279 841 2322 novem
859 2260 965 2322 hordei
983 2278 1084 2322 sumes
1103 2267 1192 2321 etasa

124 2352 161 2412 de
185 2369 290 2412 eorum
313 2352 449 2412 acumine
467 2350 603 2412 varulum
621 2369 737 2430 punges
755 2357 786 2411 et
803 2367 858 2429 per
876 2357 1057 2429 punctorum
1076 2351 1135 2410 sin·

83 2455 109 2497 ss
123 2439 209 2520 gulas
236 2441 317 2500 vices
345 2457 464 2500 carmen
496 2438 554 2500 hcc
586 2439 680 2500 dices:
717 2441 809 2520 φεῦγε
839 2442 944 2519 φεῦγε,
964 2437 1079 2518 ’κρείων
1106 2454 1137 2498 σε

124 2525 235 2590 διώκει.
266 2527 341 2588 Item
360 2527 452 2606 digito
471 2527 640 2589 medicinali
661 2545 764 2588 varum
784 2529 958 2607 contingens
978 2527 1059 2588 dices
1077 2533 1137 2587 ter:

123 2618 237 2696 vigaria
259 2618 373 2696 gasaria
395 2633 557 2695 varumque
583 2633 674 2696 grano
697 2615 803 2677 hordei
824 2616 943 2677 ardenti
961 2623 1011 2677 aut
1030 2613 1138 2694 stipula

124 2706 205 2766 iaeni
232 2714 284 2766 aut
305 2703 388 2783 palea
412 2721 490 2765 ures.
536 2704 792 2766 Confectiones
820 2704 1056 2784 collyriorum
1086 2702 1138 2762 di·

17 2860 19 2869 Α
123 2811 313 2855 versorum
332 2793 373 2854 de
397 2795 658 2872 experimentis
677 2795 738 2854 sic.
769 2792 930 2872 Collyrium
949 2799 1077 2853 stactum
1096 2789 1193 2850 adasa

17 2872 1137 2962 *mmfflfflmmwfflmfflfflwffl

124 2980 176 3032 tur
200 2973 256 3032 sic:
294 2969 429 3030 Cadmiae
453 2968 479 3029 ll
498 2969 548 3030 Vll
568 2970 601 3050 S,
624 2969 711 3030 nardi
734 2968 861 3030 Celticae
884 2969 910 3028 ll
933 2969 999 3049 1111,
1022 2969 1137 3029 acaciae

124 3055 1138 3140 HfflmmflfflfflmHQth

124 3148 184 3228 lyci
202 3145 228 3206 ll
245 3147 268 3228 l,
291 3148 371 3208 croci
391 3145 417 3206 ll
434 3146 456 3228 1,
480 3163 619 3208 cerussae
637 3146 664 3205 ll
682 3145 704 3227 1,
723 3146 803 3206 aloes
823 3145 883 3225 lll,
907 3147 1057 3224 aeruginis
1076 3141 1138 3222 lll,

124 3236 240 3316 lepidae
265 3235 388 3315 Cypriae
411 3234 437 3295 X
456 3235 478 3315 1,
501 3238 562 3314 opii
584 3234 610 3295 X
629 3235 641 3294 l
662 3234 691 3312 8,
714 3236 827 3313 piperis
847 3251 938 3313 grana
956 3232 1020 3314 XX,
1043 3238 1138 3292 casto·

84 3339 110 3379 ³⁵
125 3326 171 3385 rei
191 3323 288 3404 HS,
307 3327 435 3402 gummis
453 3322 553 3384 ΗΠ.
590 3323 670 3384 Haec
689 3325 786 3383 omnia
804 3325 835 3382 in
855 3321 1008 3400 pulverem
1025 3319 1138 3379 tenuis·

198 3480 326 3581 aquam.
381 3511 538 3566 4fistucss.
594 3508 751 3564 iordiolis.
818 3511 851 3561 18
870 3508 976 3574 etpost
993 3503 1069 3559 dices
1088 3518 1139 3558 orta
