2540 3802
490 149 729 214 -251-

191 315 282 375 Radix
308 315 442 392 asparagi
465 314 535 373 trita
560 321 590 373 et
613 331 649 372 ex
669 316 735 376 vino
755 316 838 392 potui
858 315 924 374 data
944 314 1112 376 lumborum
1134 328 1167 377 26

102 414 133 466 et
152 421 292 465 coxarum
312 401 407 462 dolori
426 403 500 461 mire
519 402 663 462 medetur.
694 401 798 462 Nuclei
818 403 1035 482 amygdalarum
1051 406 1115 464 triti
1135 417 1168 466 27

102 513 139 554 ex
167 501 250 553 aceto
279 493 341 570 poti
368 488 478 550 lumbis
505 490 672 550 medentur.
713 490 903 551 Nasturcium
927 510 996 551 cum
1020 492 1115 553 larina
1134 505 1168 555 28

102 583 281 662 permixtum
305 587 335 639 ct
359 597 394 638 ex
418 587 501 638 aceto
525 577 619 638 calido
643 577 752 638 lumbis
775 579 925 660 medetur,
953 581 980 639 si
1003 582 1114 660 inposi-

72 681 166 732 stum
195 670 294 730 luerit.
337 666 462 727 Gladioli
490 667 573 727 radix
602 677 726 727 contusa
755 685 822 728 cum
848 667 971 746 sulpure
995 670 1060 729 vivo
1084 678 1114 731 et
1133 683 1166 732 33

101 760 187 838 adipe
211 759 313 818 ursina
337 755 446 815 lumbis
469 757 596 835 inposita
619 754 780 834 plurimum
804 756 934 835 prodest.

190 845 365 906 Remedium
385 844 555 904 coxendicis
574 845 682 903 mirum
698 843 734 904 de
749 847 953 924 experimento
973 847 1029 907 sict
1051 845 1113 906 Mu·
1133 860 1167 908 30

101 935 223 997 suendae
243 952 348 994 novem
367 935 455 992 tritae
474 950 510 992 ex
529 934 590 992 vini
609 935 761 1011 quartario
783 951 874 1012 super
895 934 1049 995 scabillum
1068 935 1114 995 vel

101 1024 202 1085 sellam
226 1023 372 1083 laboranti
394 1023 478 1100 potui
502 1021 619 1100 dantur,
642 1024 683 1081 ita
702 1032 735 1082 ut
753 1022 828 1101 pede
847 1040 907 1082 uno
927 1041 1015 1100 quem
1034 1023 1115 1084 dolet

56 1129 86 1172 ιο
101 1122 183 1174 stans
211 1112 247 1172 ad
276 1113 420 1170 orientem
444 1127 548 1170 versus
571 1113 722 1188 potionem
744 1110 827 1171 bibat
850 1120 880 1170 et
903 1130 970 1171 cum
996 1111 1114 1185 biberit,

101 1201 178 1262 saltu
209 1199 326 1260 desiliat
354 1207 384 1258 et
411 1206 458 1258 ter
486 1216 545 1258 uno
573 1199 649 1276 pede
678 1198 762 1259 saliat
790 1209 878 1278 atque
904 1199 961 1260 hoc
984 1218 1038 1279 per
1062 1203 1113 1261 tri-

100 1291 193 1351 duum
217 1290 313 1369 iaciat,
336 1287 492 1347 confestim
516 1287 647 1347 remedio
671 1286 876 1366 gratulabitur.

189 1377 330 1455 Malagma
359 1377 488 1436 sciaticis
515 1377 625 1436 mirum
655 1378 711 1437 sic:
749 1375 880 1436 Storacis
906 1409 942 1420 -
970 1376 1010 1456 ll,
1038 1378 1113 1456 picis
1132 1387 1165 1437 31

100 1466 131 1526 P.
151 1466 187 1544 ll,
210 1480 295 1526 cerae
319 1464 350 1524 P.
369 1464 391 1544 l,
414 1471 515 1542 guttae
539 1467 739 1524 ammoniacae
765 1497 801 1508 -
825 1463 870 1544 Vl,
897 1467 1013 1525 resinae
1036 1474 1113 1525 tere-

58 1573 87 1615 15
101 1555 255 1615 binthinae
277 1552 377 1628 -Vl,
397 1551 514 1630 galbani
535 1551 625 1632 -ll,
643 1571 767 1612 manuae
787 1555 864 1612 turis
879 1587 919 1596 —-
936 1553 970 1612 ll.
1008 1552 1112 1613 Omnia

101 1663 177 1722 quae
196 1641 347 1703 tundenda
366 1649 436 1700 sunt
455 1642 486 1700 in
504 1640 657 1720 pulverem
676 1641 793 1719 rediges
812 1650 842 1702 et
861 1640 1038 1702 admiscebis
1056 1641 1112 1722 bis,

101 1751 176 1811 quae
200 1732 262 1810 igni
284 1729 461 1790 remittenda
486 1739 564 1809 sunt,
589 1737 618 1790 et
642 1730 771 1808 desuper
790 1732 866 1790 aceti
886 1741 1030 1808 quantum
1052 1730 1112 1791 sul·

100 1821 180 1880 ficiat
202 1819 431 1898 medicamento,
455 1817 525 1877 dum
550 1820 735 1898 excoquitur,
759 1820 868 1899 mittes,
892 1827 1013 1879 etcum
1037 1837 1111 1899 opus

99 1909 199 1988 lexerit,
222 1907 315 1967 calido
339 1909 442 1967 uteris.

56 2018 85 2057 ao
188 1996 232 2056 nd
259 1998 389 2057 nesciam
413 1994 579 2055 remedium
603 1995 745 2056 dictatum
769 2013 785 2054 a
809 1995 890 2055 lusto
915 1995 1030 2056 medico
1054 1999 1111 2056 sic:
1130 2007 1164 2056 33

98 2085 228 2146 Herbam
251 2085 443 2163 argimoniam
467 2093 498 2143 et
520 2083 642 2143 herbam
665 2083 822 2143 verbenam
850 2094 880 2143 et
898 2083 1059 2162 lapathium
1082 2093 1112 2144 et

97 2174 259 2252 bugillonis
277 2173 408 2233 radicem
427 2173 529 2250 aequis
548 2172 737 2250 portionibus
752 2171 798 2232 vel
813 2171 996 2250 ponderibus
1012 2173 1110 2231 mittes

98 2265 129 2323 in
152 2262 242 2342 pilam
265 2270 296 2322 et
313 2261 421 2322 tundes
441 2269 557 2321 etcum
577 2269 682 2320 tunsae
701 2260 777 2321 bene
799 2260 918 2340 luerint,
942 2259 1032 2320 addes
1052 2262 1112 2320 vini

98 2351 216 2411 candidi
243 2348 334 2411 8111
362 2357 392 2409 et
420 2347 557 2409 manibus
586 2348 710 2427 agitabis
736 2367 803 2409 cum
827 2350 892 2428 ipso
915 2350 983 2408 vino
1008 2348 1111 2408 diutis-

56 2459 84 2499 25
99 2442 182 2519 sime,
206 2447 307 2518 postea
332 2440 430 2498 omnia
454 2439 554 2497 mittes
577 2438 608 2496 in
630 2437 754 2497 linteum
774 2439 902 2516 spissum
922 2446 951 2497 et
971 2455 1110 2515 expressa

99 2528 210 2589 colabis
233 2536 322 2607 atque
345 2527 402 2607 his,
425 2543 499 2604 quae
523 2525 617 2586 colata
641 2526 761 2608 luerint,
784 2526 914 2604 desuper
938 2526 1028 2586 addes
1051 2527 1111 2585 vini

99 2616 314 2696 aliquantulum
338 2623 368 2675 et
386 2616 498 2694 piperis
517 2632 607 2692 grana
626 2617 747 2693 triginta
766 2618 849 2695 trita3
868 2615 1057 2692 postmodum
1076 2633 1112 2674 ex

99 2708 155 2766 hoc
178 2705 373 2766 medicamine
397 2705 582 2781 quartarium
603 2703 777 2764 calefactum
797 2705 896 2763 ieiuuo
916 2702 1062 2763 laboranti
1080 2705 1111 2762 in

98 2794 213 2874 balneo,
237 2793 307 2853 dum
330 2793 361 2851 in
385 2790 458 2852 solio
482 2798 536 2871 est,
560 2791 770 2869 pertriduum
794 2791 877 2852 dabis
900 2791 1071 2853 bibendum.

57 2903 84 2942 so
188 2881 231 2942 Ad
251 2881 382 2940 nesciam
400 2880 556 2960 physicum
575 2880 754 2941 remedium:
773 2880 944 2941 Testudinis
959 2882 1110 2958 aquaticae
1130 2891 1182 2939 33.

99 2990 169 3032 crus
197 2969 335 3049 praecide
363 2976 394 3028 et
421 2968 578 3047 phoenicio
606 2969 771 3030 involutum
800 2987 835 3028 ex
864 2987 897 3029 ea
926 2977 1024 3047 parte,
1054 2987 1110 3048 qua

99 3062 167 3138 quis
190 3060 320 3119 nesciam
343 3059 464 3137 patitur,
488 3056 611 3136 adpone,
634 3066 772 3136 potenter
795 3055 1015 3118 remediabitur.

188 3147 237 3207 Git
260 3155 404 3225 quantum
428 3145 525 3206 tribus
549 3145 650 3224 digitis
672 3145 736 3206 tolli
759 3154 858 3224 potest
881 3155 1033 3223 sumptum
1059 3148 1110 3204 tri·
1130 3155 1165 3206 34

98 3245 221 3316 tumque
250 3246 280 3296 et
307 3238 387 3314 passi
414 3233 528 3313 cyathis
551 3233 669 3294 duobus
692 3251 847 3311 aspersum
870 3233 994 3293 adiectis
1017 3251 1111 3310 aquae

187 3371 435 3440 lamigdalarum.
486 3368 603 3422 bacebi.
658 3368 848 3423 4medenbur.
903 3367 1111 3422 lmuscardae.

101 3449 132 3496 12
151 3442 315 3496 remedium.
403 3446 435 3494 13
455 3437 593 3495 sceaticis.
681 3437 826 3493 storachis.
909 3443 942 3492 21
961 3437 1111 3508 lapacium.

99 3518 134 3568 30
151 3512 292 3582 phynieio.
366 3517 401 3567 at
419 3509 555 3566 adiectae.
1068 3534 1071 3539 ·

1122 3679 1246 3750 L
