2518 3806
544 111 785 175 -376-

103 288 139 337 ol
248 273 423 334 Remedium
447 272 482 332 ad
503 273 662 352 podagram
681 271 726 331 vel
745 274 870 331 maxime
890 271 926 332 ad
944 272 1096 333 arthritim
1117 276 1183 336 sic:

159 363 243 422 docti
270 363 375 439 optimi
403 368 546 440 quantum
574 359 715 439 volueris,
744 358 824 438 quod
847 359 953 421 melius
981 363 1051 441 erit,
1080 365 1109 422 si
1141 382 1182 424 ex

158 452 226 510 vino
250 451 376 528 styptico
396 450 495 528 fuerit,
519 448 592 508 telas
612 465 795 526 aranearum,
820 451 944 526 quaein
963 467 1110 528 cupresso
1131 454 1179 512 in
1248 519 1249 536 ,

158 534 331 618 veniuntur,
351 537 424 597 huri
447 539 632 597 summitates
650 537 835 596 tenerrimas.
871 535 951 598 Haec
970 539 1000 596 in
1019 537 1077 597 olla
1098 557 1179 599 nora

158 625 312 705 coquenda
337 633 406 686 sunt
429 625 609 702 diutissime;
633 642 669 684 ex
689 643 747 703 quo
766 631 850 684 aceto
868 642 958 704 posca
977 628 1201 703 temperandas

157 714 245 793 paulo
273 715 371 773 acrior
399 731 486 792 quam
510 713 546 773 ad
569 711 744 791 bibendum,
772 730 808 772 ex
831 729 889 791 qua
912 731 1002 791 posca
1024 713 1072 772 rel
1097 715 1177 775 cale·

158 803 234 863 iacta
257 801 304 861 vel
327 802 446 882 frigida,
469 809 559 880 prout
582 818 671 861 causa
694 799 901 879 postulaverit,
930 800 1051 862 lavanda
1080 821 1178 863 mem·

157 889 224 970 bra,
252 889 309 950 hoo
338 898 383 950 est
406 889 507 950 arthra
530 889 575 949 vel
598 891 769 968 iuncturae,
792 906 867 967 quae
891 889 1006 969 dolent,
1031 899 1062 950 et
1085 890 1177 952 deor·

158 995 237 1057 sum,
269 977 300 1038 id
333 985 379 1038 est
406 996 475 1038 cum
502 995 621 1037 umeros
650 975 695 1036 rel
723 975 822 1036 cubita
849 975 967 1056 laveris,
999 977 1036 1038 ad
1065 997 1176 1040 manus

158 1084 288 1127 summas
317 1065 363 1126 vel
391 1066 427 1125 ad
455 1067 546 1144 pedes
579 1083 709 1125 summos
743 1064 986 1144 destringendum
1019 1066 1174 1127 deducen-
1188 1087 1211 1126 ro

158 1155 288 1232 dumque
312 1154 509 1234 medicamen3
538 1161 640 1232 postea
666 1170 735 1212 vero
760 1170 848 1232 quam
871 1153 926 1212 hac
949 1171 1039 1232 posca
1063 1153 1173 1216 laveris

158 1241 300 1320 membra,
319 1260 393 1319 quae
412 1240 503 1300 lavari
521 1259 643 1301 necesse
663 1248 717 1320 est,
741 1241 870 1320 adpones
892 1240 1025 1322 herbam,
1044 1261 1122 1321 quae
1142 1246 1173 1303 in
1248 1291 1249 1306 t

158 1346 251 1406 aquae
271 1330 348 1406 iugis
367 1328 496 1388 decursu
515 1331 656 1408 nascitur,
677 1347 764 1407 quam
778 1328 882 1388 Latine
896 1328 1039 1410 horulam,
1059 1330 1172 1391 Graece
1248 1407 1249 1410 Ἴ

158 1416 348 1477 cardaminen
380 1425 498 1497 vocant3
530 1417 602 1477 haec
635 1416 792 1494 diligenter
824 1425 969 1494 purgatur
1002 1427 1033 1478 et
1061 1421 1173 1480 teneri·
1248 1417 1249 1424 '

157 1505 231 1582 tudo
255 1507 320 1565 eius
338 1505 475 1566 tunditur
495 1513 525 1566 et
543 1507 583 1565 ita
603 1504 649 1564 vel
667 1505 766 1584 tepida
785 1504 830 1564 vel
850 1505 965 1586 frigida,
983 1514 1075 1584 prout
1094 1508 1208 1568 salu-15

158 1593 329 1673 briusest,
358 1593 471 1654 dolenti
497 1596 529 1653 in
556 1593 677 1653 modum
706 1593 921 1671 cataplasmatis
948 1594 1110 1672 adponitur
1144 1603 1176 1656 et

158 1682 206 1742 die
230 1681 276 1742 bis
300 1691 350 1743 aut
372 1690 419 1742 ter
441 1681 487 1741 vel
511 1684 649 1760 quotiens
669 1683 775 1741 siccari
794 1684 926 1759 coeperit
944 1682 1085 1742 mutanda
1105 1687 1175 1744 erit.

159 1769 241 1840 Quae
266 1771 291 1830 si
312 1769 452 1830 ruborem
472 1770 585 1849 iecerit,
608 1777 681 1829 tune
700 1771 793 1847 magis
811 1769 960 1849 proluisse
978 1769 1174 1849 intelligetur.

157 1855 366 1918 Adhibendum
389 1857 497 1918 dehinc
520 1875 679 1936 parygrum
698 1865 832 1917 cerotum
850 1857 927 1917 infra
946 1859 1093 1936 scriptum
1113 1863 1170 1921 sic:

157 1945 315 2023 Cerussae,
340 1963 461 2024 spumae
486 1948 614 2026 argenti,
638 1963 724 2005 cerae
747 1945 889 2026 Punicae,
913 1945 971 2005 olei
993 1948 1087 2028 rosei,
1112 1947 1172 2009 olei
1185 1966 1205 2005 ao

156 2032 268 2114 mollis,
295 2033 431 2094 lacrimas
459 2052 590 2094 ovorum.
632 2032 746 2092 Horum
774 2035 906 2094 omnium
933 2032 1065 2110 pondera
1094 2054 1173 2114 quae

156 2121 303 2200 placuerit
329 2121 481 2202 miscebis3
509 2122 615 2182 modus
643 2123 721 2181 enim
750 2139 809 2180 non
837 2128 883 2181 est
905 2121 1052 2182 definitus.
1096 2123 1173 2184 Cera

156 2211 287 2288 primum
314 2211 346 2269 in
374 2210 438 2269 oleo
462 2209 543 2269 molli
566 2209 677 2270 ferveat
700 2216 760 2268 tam
786 2209 850 2289 diu,
874 2209 968 2270 donec
991 2212 1172 2293 stringatur3

157 2305 260 2377 postea
286 2297 438 2376 pulverem
467 2315 556 2376 supra
585 2299 763 2376 scriptarum
787 2298 953 2376 specierum
978 2299 1171 2380 superaddes,

156 2384 264 2444 deinde
288 2385 386 2445 oleum
409 2403 529 2446 roseum
552 2385 599 2445 vel
622 2385 758 2444 lacrimas
782 2403 904 2444 ovorum
926 2385 1106 2448 admiscebis
1126 2396 1168 2448 at·
1182 2406 1204 2446 aa

156 2490 216 2550 que
244 2475 284 2532 ita
312 2473 388 2533 hene
416 2476 522 2552 agitata
551 2481 581 2534 et
608 2475 697 2532 mixta
725 2474 823 2532 omnia
851 2472 1075 2552 subcoquantur
1099 2477 1170 2554 igni.

157 2559 243 2630 Quod
271 2561 454 2621 medicamen
477 2563 653 2641 repositum,
677 2579 745 2621 cum
769 2579 893 2621 necesse
921 2564 994 2644 erit,
1022 2564 1054 2623 in
1076 2562 1169 2624 linteo

157 2647 275 2708 inlitum
300 2648 441 2709 membris
465 2649 634 2710 dolentibus
657 2649 830 2727 adponetur.

103 2748 139 2798 ta
247 2735 371 2796 Farinae
389 2738 523 2797 triticeae
543 2735 574 2796 8*
590 2755 692 2817 unum,
711 2737 799 2817 amyli
817 2739 919 2796 uncias
939 2745 1063 2818 septem,
1082 2757 1167 2800 cerae

158 2825 261 2884 uncias
281 2833 403 2904 septem,
425 2823 482 2884 olei
501 2827 615 2885 rosacei
634 2833 754 2904 aestate,
778 2825 875 2885 hieme
895 2833 993 2886 autem
1012 2826 1070 2886 olei
1090 2846 1167 2887 com·
1180 2847 1204 2887 eo

157 2913 256 2974 munis
280 2909 311 2972 dt
330 2910 343 2970 l
365 2911 512 2992 Italicum,
540 2930 610 2973 sane
638 2921 671 2974 ut
698 2915 796 2993 passio
820 2915 883 2991 ipsa
906 2913 953 2973 vel
976 2913 1100 2974 calidius
1123 2915 1169 2976 rel

156 3000 294 3078 frigidius
323 2999 569 3060 medicamentum
598 3003 695 3079 poscit
721 3002 800 3082 fieri,
828 3004 868 3062 ita
892 3001 990 3062 facias.
1032 3001 1169 3063 Farinam

157 3097 225 3150 ante
249 3089 327 3149 diem
350 3089 478 3149 infusam
497 3092 528 3149 in
547 3107 640 3166 aquae
660 3087 691 3148 θ
710 3088 845 3150 ltalicum
865 3107 1033 3168 concoques
1052 3090 1089 3150 ad
1108 3109 1168 3151 mo·

157 3177 228 3237 dum
252 3177 355 3257 glutiS,
382 3185 486 3255 postea
509 3176 637 3256 amylum
661 3180 819 3255 separatim
843 3179 948 3238 tritum
971 3180 1001 3237 in
1025 3181 1167 3239 mortario

157 3272 188 3323 et
215 3283 313 3324 ceram
341 3267 495 3325 remissam
523 3267 554 3324 in
582 3264 647 3324 oleo
676 3267 867 3344 supermittes
896 3273 925 3325 et
953 3265 1042 3325 simul
1070 3270 1167 3327 omnia
1179 3285 1201 3326 es

157 3349 314 3427 diligenter
342 3361 422 3412 teres
455 3361 485 3412 et
517 3371 584 3412 cum
618 3369 693 3430 opus
725 3353 830 3433 suerit,
859 3353 989 3430 adpones
1017 3355 1049 3413 in
1076 3354 1167 3415 linteo

156 3437 305 3514 podagrae
329 3436 460 3498 cuilibet.
