2564 3794
547 131 787 198 -156-

129 311 146 360 8
253 297 510 380 Medicamentum,
533 297 612 376 quod
635 314 691 376 per
713 295 884 357 cocliarium
908 295 1074 374 devoratur,
1098 291 1177 354 bene

165 387 236 447 iacit
259 387 294 447 ad
318 395 432 448 tussem
452 385 564 446 aridam
584 393 614 446 et
633 403 693 465 eos,
713 387 764 464 qui
783 384 943 445 difficulter
961 383 1109 463 glutinosa
1128 399 1178 442 ex·

165 483 270 537 creant
288 483 318 536 et
332 475 498 554 praefocari
510 473 651 535 videntur
664 473 829 554 interdum3
848 473 899 533 sed
916 474 1075 551 praecipue
1088 470 1178 550 prod·

166 571 212 624 est
225 563 282 644 his,
301 566 354 643 qui
372 563 504 624 dolorem
523 561 625 623 lateris
639 580 708 622 cum
723 560 805 622 febre
821 563 964 640 sentiunt,
983 577 1058 639 quos
1072 558 1179 619 Graeci

164 653 339 734 pleuriticos
366 651 482 732 dicunt3
510 650 617 712 liberat
640 651 720 711 enim
746 652 827 710 omui
849 649 983 729 periculo
1006 666 1067 708 eos.
1113 645 1204 707 Heca

166 741 415 803 medicamentum
447 738 553 819 Apulei
585 738 663 800 Celsi
697 738 753 800 luit
785 746 816 799 et
847 738 1050 818 praeceptoris
1082 737 1181 796 nostri

165 829 296 892 Valentis
319 847 374 889 nec
398 847 538 908 umquam
561 827 614 888 ulli
637 830 720 888 vivus
739 829 983 906 compositionem
1004 828 1069 886 eius
1088 825 1181 904 dedit,

166 922 236 999 quia
263 917 497 998 magnitudinem
525 918 673 998 opinionis
702 933 738 975 ex
769 934 802 976 ea
829 923 974 998 traxerat,
1006 922 1052 974 est
1079 921 1180 975 autem

165 1007 252 1069 haec:
275 1006 370 1067 Mellis
392 1007 484 1066 Attici
506 1005 620 1087 libram,
644 1006 756 1084 piperis
779 1007 857 1082 nigri
876 1003 902 1063 ll
920 1002 956 1083 ll,
980 1020 1096 1082 myrrae
1114 1010 1180 1063 tro-

166 1095 331 1174 glodytidos
355 1103 385 1154 et
404 1097 499 1154 casiae
519 1092 545 1153 Ξ
563 1090 706 1173 singulos,
729 1093 867 1171 stachyos
885 1091 971 1152 nardi
989 1091 1015 1151 ll
1033 1091 1056 1171 l,
1079 1093 1219 1151 cinna-1⁰

166 1185 258 1243 momi
284 1180 492 1242 hemiobolum.
539 1181 625 1252 Quod
654 1183 681 1240 si
703 1198 763 1241 non
786 1180 926 1240 habueris
949 1181 1182 1258 cinnamomum,

166 1271 316 1348 duplicem
343 1271 452 1330 casiam
480 1271 603 1350 coicies3
630 1271 716 1347 piper
743 1269 937 1329 contunditur
964 1268 1123 1346 diligenter
1152 1274 1182 1327 et

167 1358 329 1438 cribratur,
352 1375 451 1437 myrra
474 1359 583 1418 teritur
605 1358 747 1417 mortario
771 1374 947 1437 marmoreo,
972 1365 1075 1436 postea
1097 1365 1181 1417 utra-

167 1466 224 1527 que
248 1448 279 1506 in
302 1463 395 1507 unum
418 1447 597 1527 miscentur,
624 1445 731 1506 deinde
759 1445 854 1506 mellis
882 1448 986 1524 optimi
1011 1445 1183 1524 despumati

166 1536 296 1597 adicitur
319 1543 462 1613 quantum
487 1535 623 1616 sufficiat,
650 1541 685 1594 ut
709 1535 748 1594 sit
765 1533 1035 1614 pseudoliquidnm.
1064 1533 1183 1594 llantur
1196 1545 1220 1586 15

166 1625 236 1686 iude
263 1626 385 1686 tussicis
413 1623 551 1685 cocliaria
579 1625 669 1702 quina
696 1623 743 1683 vel
775 1640 860 1704 sena,
891 1623 1058 1702 pleuriticis
1089 1625 1184 1684 etiam

165 1714 252 1794 plura
276 1721 306 1774 et
329 1715 457 1794 saepius,
480 1711 532 1773 sed
551 1711 715 1793 intervallo,
738 1711 795 1772 hoc
819 1721 865 1772 est
888 1731 947 1772 non
972 1711 1060 1772 simul
1081 1714 1184 1772 omnia

166 1804 232 1864 dari
259 1809 377 1882 oportet
404 1809 435 1862 et
457 1809 521 1862 tum
545 1803 680 1882 maxime,
704 1819 772 1861 cum
800 1802 933 1861 tussiunt
961 1808 990 1860 et
1013 1800 1184 1878 praefocari

166 1892 306 1952 videntur
329 1889 549 1969 difficulterque
572 1892 686 1969 spirant
714 1892 775 1949 sive
798 1891 887 1948 etiam
911 1907 970 1949 non
994 1891 1127 1950 tussiunt
1153 1897 1184 1948 et

166 1979 272 2058 llegma
299 1979 357 2040 ibis
385 1981 512 2040 interius
540 1981 692 2058 coquitur,
720 1978 784 2037 dari
807 1976 909 2058 debet,
937 1979 1074 2056 protinus
1098 1980 1182 2038 enim
1196 1988 1221 2027 ²0

167 2075 316 2146 excreant,
334 2086 410 2146 quae
424 2067 552 2146 obstant,
572 2075 602 2126 et
620 2068 778 2128 transitum
797 2067 921 2144 spiritus
940 2065 1050 2126 babent
1069 2075 1099 2126 ct
1117 2073 1184 2128 tus*

138 2181 140 2184 ·
166 2159 226 2217 sire
250 2157 400 2217 desinunt.

130 2251 147 2300 9
255 2244 389 2304 Alterum
412 2242 661 2303 medicamentum
684 2241 720 2302 ad
744 2249 857 2302 tussem
882 2243 994 2304 aridam
1021 2242 1183 2304 coniicitur

167 2334 225 2392 sic:
248 2329 389 2392 Nasturci
412 2332 532 2390 animati
555 2331 677 2390 seminis
703 2331 830 2411 unciam,
853 2329 957 2391 alterci
980 2333 1101 2390 seminis
1124 2349 1182 2392 un-

167 2423 255 2499 ciam,
284 2421 333 2498 opi
356 2418 426 2500 ill,
455 2436 570 2498 myrrae
601 2419 796 2497 semunciam,
825 2419 948 2479 sulfuris
975 2420 1034 2479 vivi
1061 2429 1222 2480 semna-2⁵

167 2509 256 2586 ciam,
284 2509 397 2586 piperis
425 2506 483 2566 albi
510 2507 636 2568 unciam.
682 2505 768 2566 Melle
796 2506 946 2586 colligitur
973 2506 1030 2567 hoc
1052 2508 1181 2568 medica·

167 2603 314 2676 mentum,
342 2594 430 2655 datur
454 2593 536 2654 labae
559 2595 754 2674 Aegyptiacae
780 2595 983 2674 magnitudine
1007 2613 1043 2656 ex
1065 2595 1182 2674 cyathis

167 2701 259 2762 aquae
283 2683 394 2744 calidae
416 2682 514 2744 trihus
537 2685 569 2742 in
591 2690 719 2743 noctem.
755 2681 839 2744 Facit
860 2693 959 2744 autem
977 2683 1034 2744 hoc
1053 2684 1181 2744 medica-

166 2780 301 2833 mentum
324 2778 355 2832 et
377 2771 413 2832 ad
436 2771 538 2832 lateris
561 2770 695 2832 dolorem
718 2779 748 2832 et
770 2771 807 2832 ad
829 2771 974 2834 stomachi
996 2772 1181 2834 inflationem

166 2860 419 2941 gravidinemque,
442 2859 578 2920 coeliacis
602 2877 735 2940 quoque,
759 2861 810 2938 qui
834 2860 932 2924 subito
956 2863 1094 2922 universa
1117 2861 1178 2922 dei·
1192 2873 1220 2914 ³0

167 2951 259 3032 ciunt,
286 2949 410 3030 prodest
437 2957 467 3010 et
490 2947 600 3008 dolenti
634 2949 856 3027 superpositum
887 2951 933 3011 vel
961 2950 1179 3012 circumdatum

167 3039 250 3100 denti
279 3047 310 3100 et
337 3040 363 3099 si
392 3055 499 3098 exesus
527 3044 585 3116 est,
612 3038 643 3096 in
667 3054 824 3097 cavernam
848 3040 913 3099 eius
936 3039 1082 3099 insertum
1106 3038 1180 3099 utile

167 3136 225 3208 est3
248 3135 402 3208 praeterea
425 3126 461 3186 ad
484 3125 625 3186 horrores
648 3124 762 3186 febrem
781 3126 1004 3207 praecedentes,
1027 3145 1102 3205 quae
1122 3129 1179 3186 cir-

167 3220 282 3277 cuitum
303 3216 405 3297 habet,
429 3214 531 3275 datum
553 3221 621 3274 ante
649 3213 754 3274 horam
782 3217 961 3275 accessionis
986 3214 1180 3276 utilissimum

237 3420 435 3489 bglultinosa.
481 3419 682 3490 opericulum.
729 3416 967 3473 9trocloditidos.
1018 3417 1176 3472 tollamne

166 3494 199 3542 21
220 3489 335 3545 obstant
352 3490 491 3548 Saloca.-
509 3492 617 3560 optant.
689 3486 834 3542 transitus.
906 3492 941 3542 24
958 3487 1090 3542 castorei.
