2528 3814
463 111 615 175 -269
665 147 703 156 -

77 269 158 350 thes,
180 269 211 329 id
235 278 280 330 est
302 279 442 352 nepetae,
466 305 508 314 -
528 271 563 352 ll,
587 271 624 332 sil
646 274 816 353 pictorium,
838 275 960 352 piperis,
984 273 1090 352 sucini,

76 359 253 440 saxifragae,
281 359 469 440 petroselini,
497 363 611 441 cyperi,
641 359 801 439 zingiberis
829 362 932 422 arucias
959 360 1089 439 singulas

76 447 184 508 tundes
208 455 238 508 et
261 447 407 508 cribrabis
431 457 461 508 et
484 448 663 510 coclearium
687 448 808 528 plenum
833 467 902 509 cum
919 451 981 510 vini
998 451 1090 511 mixta

77 545 107 596 et
130 535 223 597 calida
245 539 365 616 potione
388 539 489 598 ieiuno
513 537 674 599 bibendum
698 536 790 598 dabis.

48 644 60 684 5
164 624 208 684 dd
227 625 373 686 calculum
392 627 558 687 remedium
577 629 686 688 mirum
705 627 761 687 sic:
784 625 940 704 Hederam,
960 643 1035 704 quae
1054 628 1142 688 in115

77 731 192 791 quercu
215 721 283 775 nata
302 715 401 794 fuerit,
423 715 593 776 vulnerabis
612 734 705 795 cupro
724 723 754 775 et
772 717 927 794 permittes
946 733 1090 795 umorem,

77 803 129 879 qui
152 801 221 862 inde
244 805 415 884 manaverit,
438 805 574 865 indurari
596 807 628 864 in
651 803 772 864 modum
790 805 964 883 gumminis3
987 811 1090 882 postea

77 889 228 952 sublatum
252 891 371 953 condito
390 892 521 954 resolves
541 901 571 953 et
589 891 767 953 admiscebis
786 901 817 953 et
835 891 928 972 bibes,
952 894 1091 971 quotiens

75 996 150 1040 usus
173 983 314 1058 exegerit.

36 1088 62 1127 ro
166 1067 282 1128 Herbae
301 1069 433 1147 fysalidis
451 1069 539 1130 bacas
558 1078 659 1130 ternas
677 1087 732 1148 per
750 1069 884 1132 triduum
902 1069 1022 1148 gluttiat
1036 1071 1144 1148 quino

11 1177 12 1184 ¹
75 1159 207 1216 vessicae
231 1156 344 1218 calculo
369 1157 488 1219 dolebit.
529 1157 645 1219 Herbae
668 1157 856 1220 Britannicae
877 1159 994 1219 radices
1017 1169 1143 1218 con-11⁷

11 1311 12 1324 ,
76 1245 185 1305 tundes
214 1254 245 1306 et
273 1255 357 1306 terna
386 1246 515 1325 scripula
543 1266 579 1308 ex
603 1265 678 1326 aqua
702 1247 795 1308 calida
819 1246 967 1308 calculoso
990 1248 1090 1308 ieiuno

76 1335 162 1412 potui
184 1352 238 1412 per
260 1335 395 1395 triduum
419 1335 510 1396 dabis.
547 1335 690 1397 Eiusdem
713 1335 823 1398 herbae
847 1354 952 1397 sucum
972 1353 1090 1414 expres-

77 1439 144 1482 sum
167 1423 198 1481 in
222 1421 333 1501 duplici
356 1441 425 1484 vaso
453 1423 602 1504 decoques
630 1427 671 1485 ita
699 1432 733 1484 ut
762 1427 828 1486 suci
855 1427 920 1485 cius
947 1423 1091 1484 naturalis

37 1530 63 1570 15
79 1512 226 1571 sextarius
249 1511 309 1592 fiat,
332 1530 421 1590 quem
444 1531 513 1574 cum
536 1513 632 1573 mellis
655 1513 822 1592 despumati
843 1513 962 1573 hemina
984 1515 1090 1572 misce·

77 1598 124 1658 bis
152 1607 181 1659 et
208 1607 311 1678 postea
339 1603 371 1660 in
395 1619 426 1661 se
451 1601 600 1681 decoquas
625 1609 655 1661 et
678 1619 747 1661 cum
770 1601 901 1662 colorem
923 1601 1090 1679 mutaverit,

77 1687 268 1766 refrigerabis
292 1697 380 1768 atque
403 1690 472 1750 inde
496 1690 629 1750 cocleare
652 1707 747 1749 unum
770 1707 806 1749 ex
830 1708 906 1768 aqua
931 1689 1037 1768 calida,
1066 1691 1090 1748 si

77 1775 268 1838 vehementer
291 1777 480 1858 febricitabit,
500 1777 647 1839 calcrdoso
666 1779 750 1857 potui
770 1777 862 1858 dabis,
883 1779 983 1838 statim
1002 1779 1091 1836 etiam

78 1863 171 1925 febris
199 1868 404 1948 extinguetur,
433 1869 459 1927 si
485 1885 556 1928 vero
584 1869 648 1926 sine
676 1865 754 1926 febri
777 1868 847 1947 erit,
875 1885 911 1926 ex
934 1868 1002 1926 vino
1026 1883 1090 1926 eam

35 1973 62 2012 ao
78 1954 229 2032 potionem
253 1955 374 2016 debebit
396 1958 540 2035 accipere.

166 2043 211 2103 dd
234 2047 353 2104 renium
376 2043 508 2106 dolorem
533 2043 726 2123 emplastrum
750 2043 823 2104 utile
846 2045 903 2109 sic:
935 2043 1143 2121 duringiaerrss

78 2133 187 2192 veteris
210 2131 241 2193 P.
261 2132 301 2214 ΙΙ,
324 2134 435 2194 farinae
459 2131 490 2194 ὅ*
510 2133 532 2215 Ι,
555 2133 612 2193 olei
635 2132 666 2193 P.
686 2131 713 2212 l,
738 2151 824 2194 cerae
849 2131 996 2192 selibram.
1037 2130 1090 2191 His

78 2221 246 2298 liquefactis
274 2221 384 2282 adicies
416 2222 547 2302 sulpuris
579 2223 701 2282 contriti
733 2220 886 2302 selibram,
917 2223 990 2281 nitri
1022 2237 1090 2281 con·

11 2339 13 2420 ,
77 2311 143 2369 triti
166 2317 196 2369 ct
219 2309 341 2370 cribrati
365 2310 512 2392 selibram,
532 2313 630 2370 omnia
652 2309 846 2389 permiscebis
873 2317 903 2370 et
921 2327 1091 2388 concoquas

11 2425 12 2430 ¹
36 2415 63 2456 aa
78 2405 167 2476 atquc
190 2397 259 2458 inde
283 2417 371 2459 renes
395 2398 572 2460 confricabis
595 2397 648 2488 vel⁸
665 2417 748 2459 more
772 2398 926 2479 emplastri
951 2398 1089 2478 adpones

78 2485 208 2546 Herbam
227 2485 366 2548 Sabinam
389 2489 420 2547 in
442 2491 583 2548 mortario
604 2496 684 2548 teres
704 2497 734 2548 ct
753 2505 821 2548 cum
840 2489 965 2566 axungia
984 2494 1142 2548 veterana

77 2574 199 2653 subiges
222 2583 252 2636 ct
275 2577 318 2636 sic
341 2575 463 2636 renibus
487 2575 626 2654 adpones.

167 2663 213 2724 Ad
236 2667 340 2724 urinae
359 2667 603 2726 incontinentiam
622 2665 787 2726 remedium
807 2667 863 2726 sic:
886 2664 1021 2725 Feniculi
1039 2676 1143 2726 ra-120

77 2753 176 2813 dicem
200 2761 231 2812 et
253 2753 454 2814 ramusculum
478 2755 541 2813 ervi
563 2753 714 2814 contunde
737 2761 767 2814 et
790 2772 826 2814 ex
847 2755 914 2814 vino
934 2761 1034 2814 vetare
1054 2753 1091 2812 da

36 2841 251 2922 cohibendum,
270 2843 411 2902 continuo
430 2841 616 2903 remediabis.
653 2841 775 2902 Urinam
794 2844 927 2903 continet
944 2842 989 2903 lac
1008 2843 1143 2902 cani-121

80 2949 152 2991 num
180 2938 210 2990 et
238 2929 328 3008 adeps
356 2932 421 2991 eius
449 2949 518 2992 oum
545 2930 674 2992 alumine
698 2931 797 3012 datus,
824 2933 866 2992 ita
888 2939 922 2992 ut
945 2933 985 2991 sit
1007 2929 1090 2990 fabae

78 3019 283 3098 magnitudine
307 3018 444 3097 globulus
467 3022 519 3098 qui
542 3020 637 3081 datur.
679 3019 760 3081 Ciuis
783 3019 951 3080 coclearum
973 3018 1144 3079 Africa-122

11 3161 12 3170 ,
79 3127 187 3169 narum
210 3117 382 3168 exustarum
406 3111 431 3168 si
454 3116 583 3190 potetur,
606 3110 710 3169 urinae
733 3109 977 3168 incontinentiam
999 3107 1090 3167 sedat.

11 3251 12 3254 ,
80 3197 229 3258 Auserum
257 3199 349 3258 trium
375 3196 491 3276 linguas
519 3199 663 3258 inassatas
695 3198 721 3256 si
749 3199 816 3274 quis
843 3196 951 3276 ederit,
983 3197 1144 3256 urinae123

11 3393 12 3406 ,
173 3338 188 3385 1
203 3331 262 3388 silis
276 3331 387 3402 pictorii
404 3331 565 3387 Corcorioe.
627 3336 660 3384 lo
674 3329 814 3385 fissalidis.
870 3335 902 3384 11
918 3330 1026 3385 calculo
1041 3346 1092 3386 om.

11 3431 12 3450 ι
80 3403 244 3458 britonicae.
328 3409 360 3458 16
380 3403 508 3460 calorem.
592 3408 625 3456 18
643 3401 824 3457 febricitauit.
902 3407 935 3456 32
955 3400 1091 3470 globolus.

80 3473 150 3528 eicis
171 3473 346 3531 coclearium.
