2636 3790
510 95 724 160 -53..

122 275 256 319 canorum
280 259 358 337 nigri
381 257 550 319 emicabmrt
573 258 680 338 capilli.
717 257 888 336 Experieris
907 277 1011 320 verum
1029 270 1158 320 remo-t

121 347 204 428 dium,
228 348 253 406 si
276 364 385 424 agnum
407 346 610 408 candidissimi
635 349 740 426 capitis
763 346 918 408 decoreris
941 355 1030 427 utque
1054 347 1123 408 inde

120 444 202 514 eaput
220 437 295 514 eius,
314 453 403 514 quem
422 453 529 496 caorrm
548 453 614 496 esse
632 435 717 516 nolis,
736 437 808 514 ungi
827 439 1025 515 praeceperis.
1059 435 1123 498 Hoc
1142 450 1158 500 6

120 525 211 605 lecito,
235 541 271 584 ne
296 522 394 602 capilli
416 532 587 585 canescant:
620 523 760 585 Radicem
784 541 872 585 unam
896 524 989 586 caulis
1013 533 1122 604 quanto

95 611 287 690 sampliorem
310 619 340 672 ct
362 614 556 672 vetustiorem
579 614 611 673 in
633 612 721 674 iurno
741 611 866 673 siccabis
885 631 1009 693 eamque
1028 615 1124 674 minu·

120 702 227 761 tissime
256 699 394 760 concides
424 710 453 761 et
481 703 511 761 iu
541 699 627 761 ollam
655 700 761 761 rudem
786 703 886 762 mittes
909 709 940 762 et
962 719 1037 780 aqna
1061 701 1123 762 lon·

118 800 181 850 tana
204 791 319 849 recenti
342 788 468 868 inplebis
491 789 580 850 etad
605 789 734 850 medium
757 789 907 869 decoques
933 797 1036 868 operta
1058 788 1123 872 olla,

117 879 229 939 tamin
252 876 368 938 balineo
392 885 482 957 caput
505 895 615 957 sapone
638 880 748 956 optime
772 877 883 938 lavabis
906 895 1034 956 cumque
1052 879 1124 938 satis

117 965 257 1026 mundum
277 965 527 1046 olosericorum
546 985 579 1026 ea
598 985 683 1046 aqua,
702 984 790 1045 quam
807 969 957 1045 paraveris
972 966 1008 1026 de
1026 965 1125 1026 radice

80 1052 223 1134 emulis,
247 1062 336 1132 caput
358 1056 398 1114 ita
421 1054 600 1115 confricabis
622 1062 772 1133 tamqnam
796 1054 890 1116 solium
914 1073 949 1116 ex
973 1073 1008 1116 ea
1032 1053 1124 1134 laves3

117 1161 183 1204 mox
213 1142 351 1221 capillum
379 1141 471 1204 linteo
500 1142 630 1204 involves
658 1161 713 1204 nec
736 1143 795 1204 ulla
818 1162 907 1224 supra
931 1161 1006 1224 aqua
1030 1144 1124 1205 uteris

115 1239 143 1292 ct
161 1233 201 1290 ita
217 1230 351 1291 siccabis.
389 1229 452 1292 Hoc
470 1249 564 1310 purus
583 1249 652 1310 ages
670 1233 755 1309 puris
770 1233 858 1294 etiam
877 1233 1022 1294 ministris
1040 1249 1122 1293 usus.

113 1319 156 1380 Ad
181 1319 357 1398 nigrandum
380 1319 518 1399 capillum
541 1322 658 1399 egregie
682 1321 765 1400 lacit,
793 1323 820 1382 si
842 1323 890 1382 ovi
912 1323 1026 1383 corvini
1049 1330 1160 1400 quaet

114 1418 184 1469 sunt
206 1410 349 1469 interiora
372 1410 469 1488 inpari
492 1427 616 1470 numero
639 1411 670 1469 in
694 1427 744 1470 ras
768 1427 888 1470 aereum
911 1412 1012 1471 mittas
1035 1417 1124 1488 atquc

73 1517 98 1558 rs
113 1496 175 1557 illic
198 1497 250 1557 diu
273 1499 402 1576 coagites
426 1506 455 1558 et
478 1515 545 1558 raso
568 1500 664 1576 capite
689 1499 719 1558 iu
744 1497 848 1559 umbra
876 1517 931 1577 per
953 1497 1124 1578 peniculum

112 1587 238 1665 pictoris
261 1587 395 1666 inponas,
419 1586 470 1646 sed
494 1585 588 1647 donec
612 1588 742 1647 siccetur
765 1588 897 1668 iniectio,
920 1594 950 1646 et
972 1586 1071 1646 oleum
1093 1587 1124 1644 in

113 1693 166 1734 ore
190 1675 287 1734 teneri
310 1682 429 1753 oportet
452 1683 482 1735 et
506 1692 575 1735 sevo
593 1677 714 1735 cerrino
733 1675 838 1736 faciem
857 1675 994 1754 perungi,
1016 1691 1054 1733 ne
1074 1673 1125 1732 de·

112 1761 293 1824 stillantibus
312 1765 404 1841 guttis
423 1762 601 1844 maculetur3
620 1770 701 1823 tanta
720 1765 799 1824 enlm
814 1762 890 1823 solet
908 1779 973 1822 esse
988 1763 1033 1822 vis
1052 1763 1126 1842 eius,

111 1861 147 1912 nt
165 1853 254 1912 etiam
274 1851 387 1934 dentes,
410 1851 481 1913 dum
505 1853 644 1931 siccatur,
666 1852 787 1912 inliciat.
828 1849 940 1921 Quarto
960 1857 1058 1910 autem
1077 1849 1125 1910 die

70 1959 96 1999 ac
112 1947 204 2020 capnt
227 1939 317 2000 lavari
339 1948 458 2019 oportet
480 1949 548 2020 post
566 1939 749 2000 medicamen
768 1940 940 2018 inpositum.
973 1936 1125 1998 vermium
1143 1949 1160 2000 8

110 2036 303 2090 terrenorum
318 2031 394 2089 cinis
414 2028 478 2089 cleo
498 2029 641 2109 adiectus,
656 2045 715 2108 quo
730 2029 775 2090 uti
789 2028 914 2088 laminae
928 2028 960 2087 in
979 2025 1124 2106 pectendo

110 2117 221 2198 solent,
244 2116 365 2196 capillos
387 2116 526 2196 probibet
549 2124 703 2178 senectute
728 2118 844 2178 mutari.
885 2114 966 2176 Folia
989 2115 1160 2194 cupressis

109 2207 185 2266 trita
208 2224 244 2266 ex
268 2213 351 2266 aceto
374 2207 464 2285 capiti
487 2205 570 2266 inlita
594 2214 623 2267 et
646 2206 783 2267 inficiunt
806 2222 896 2266 canos
919 2213 949 2266 et
971 2205 1003 2264 in
1021 2222 1123 2265 eorum

109 2294 213 2355 locum
245 2296 346 2373 nigros
378 2295 510 2355 educunt
541 2294 672 2374 capillos.
718 2293 817 2356 Nuces
848 2293 1001 2372 iuglandes
1030 2292 1125 2354 adbuc
1145 2305 1178 2354 10

66 2400 93 2441 as
109 2383 225 2443 virides
248 2393 279 2443 et
301 2391 420 2444 teneras
443 2391 474 2444 et
496 2383 621 2444 totidem
644 2383 764 2462 glandes
787 2383 877 2444 uelles
896 2401 931 2443 ex
950 2382 1056 2444 arbore
1075 2381 1124 2443 ad·

108 2472 173 2532 buc
202 2471 312 2532 virides
340 2479 370 2532 et
392 2472 518 2533 necdum
542 2474 713 2532 maturitate
737 2471 875 2532 solidatas
899 2478 988 2550 atque
1011 2473 1042 2531 io
1066 2470 1125 2549 pila
1170 2489 1174 2530 1

108 2567 255 2620 contusas
287 2562 436 2639 exprimes
468 2578 629 2641 earumque
658 2579 730 2621 suco
758 2559 794 2621 ad
822 2559 997 2620 inliciendos
1025 2576 1124 2638 canos,

108 2648 186 2709 dnm
209 2657 298 2728 caput
320 2651 429 2730 pectis,
452 2649 599 2728 pectinem
618 2651 745 2727 linguas.
783 2648 1035 2726 sanguisugarum
1059 2665 1122 2707 sex·
1144 2657 1176 2706 11

107 2737 210 2798 tarius
234 2735 350 2798 duobus
373 2739 510 2798 sextariis
539 2739 616 2817 nigri
642 2740 704 2798 vini
728 2739 870 2798 miscetur
893 2745 924 2797 et
946 2734 997 2795 XL
1021 2735 1126 2796 diebus

62 2843 91 2883 eo
107 2827 142 2886 in
164 2825 284 2887 vasculo
302 2825 441 2906 plumbeo
456 2825 613 2905 diligenter
627 2825 727 2887 clauso
742 2832 918 2905 maceratur,
937 2823 1126 2903 postmodum

107 2933 183 2976 cum
211 2917 276 2994 ipso
306 2916 372 2974 vino
399 2922 597 2976 conteruntur
624 2914 779 2976 hirudines
812 2921 842 2974 et
874 2915 905 2975 in
938 2911 999 2972 sole
1032 2911 1127 2972 calido

106 3005 205 3082 capiti
236 3003 341 3064 deraso
372 3003 408 3063 ad
435 3003 647 3082 permutandos
678 3003 799 3083 capillos
832 3019 934 3062 earum
965 3019 1056 3062 sucus
1083 3002 1127 3060 in-

106 3094 238 3171 ponitur
265 3091 344 3172 oleo,
372 3110 410 3152 ne
434 3091 537 3153 dentes
561 3093 745 3173 inficiantur,
769 3092 862 3152 donec
887 3092 1017 3150 siccetur
1035 3087 1127 3148 medi-

106 3198 229 3260 camen,
251 3182 282 3240 iu
306 3197 358 3241 ore
382 3179 511 3241 detento.
548 3180 619 3240 Ervi
642 3180 766 3260 siliquae
785 3183 959 3259 priusquam
982 3182 1127 3256 arescant,
1148 3185 1180 3234 12
1286 3177 1287 3182 ’

59 3283 88 3325 se
105 3287 183 3330 cum
207 3267 286 3329 loliis
310 3276 340 3328 et
363 3269 446 3330 caule
471 3287 524 3330 suo
549 3276 746 3330 conteruntur
770 3276 799 3330 et
822 3285 890 3328 raso
909 3267 1007 3345 capiti,
1031 3270 1064 3323 ut
1082 3281 1128 3322 ca·

187 3459 304 3524 3unge.
371 3454 575 3524 idequoques.
640 3459 673 3509 ro
691 3453 875 3524 pinnicnlum.
936 3457 969 3506 31
989 3448 1128 3506 erudincs.
