2636 3790
589 125 805 189 „60-

190 291 222 349 in
249 289 351 349 initiis,
388 288 520 367 Namque
549 288 672 366 prodest
698 287 756 347 hoc
783 303 906 367 genere,
935 285 1014 366 quod
1042 303 1077 346 ex
1102 286 1208 346 eadem

190 379 314 438 materia
337 384 462 458 constat,
486 395 560 456 quae
584 376 694 437 nullam
718 375 933 454 aspritudinem
953 374 1051 455 habet,
1075 375 1207 454 quando-

192 467 310 545 quidem
331 467 510 545 conponitur
529 484 563 526 ex
583 467 664 526 croci
686 463 712 524 Χ
730 463 762 544 V,
787 463 964 524 sarcocollae
984 463 1010 523 Χ
1028 463 1067 543 Χ,
1091 463 1208 542 glaucei

192 557 256 616 suci
280 554 305 614 Χ
324 553 392 636 XX,
420 553 605 632 tragacanthi
628 553 653 613 Χ
672 553 696 610 V
719 560 748 612 et
772 555 821 630 opi
840 551 865 611 Χ
883 551 916 612 V.
961 551 1024 612 Hoc
1048 555 1126 612 enim
1150 571 1206 630 ego

191 643 286 704 adicio
315 651 345 704 et
372 645 414 704 ita
436 643 543 703 melius
565 641 734 720 respondet.
781 641 838 701 Sed
863 643 963 719 opium
987 643 1071 701 etin
1095 641 1151 700 hoc
1176 649 1236 701 eto
1279 671 1280 700 t

191 735 222 792 in
242 734 323 792 omni
341 732 462 811 collyrio
481 731 756 808 medicamentoque
771 748 874 790 verum
889 729 966 790 adici
981 737 1107 810 oportet,
1126 729 1207 808 qarod

192 839 227 880 ex
251 821 326 882 lacte
349 823 415 900 ipso
437 823 592 899 papaveris
616 819 741 880 silvatici
764 820 895 896 capitum
919 819 964 898 ln,
987 837 1047 878 non
1071 837 1106 878 ex
1133 836 1207 878 suco

192 909 330 970 loliorum
355 911 433 990 eius,
456 916 490 968 ut
508 911 662 969 institores
685 907 810 968 huiusce
836 909 880 966 rei
904 907 1062 985 conpendii
1081 914 1111 966 et
1130 907 1209 967 lucri

193 1017 281 1059 causa
309 998 434 1078 faciunt,
462 997 535 1058 illud
564 999 643 1057 enim
669 1015 737 1057 cum
761 1013 866 1074 magno
890 994 990 1056 labore
1014 1002 1044 1054 et
1066 997 1208 1072 exiguum

193 1087 359 1166 conficitur,
384 1086 441 1145 hoc
465 1087 529 1146 sine
552 1083 698 1146 molestia
711 1092 741 1146 et
764 1083 957 1144 abundanter.
995 1082 1115 1143 Teritnr
1138 1090 1207 1143 ante
1224 1099 1252 1139 ιο

193 1176 290 1234 omnia
315 1191 450 1254 crocum,
473 1192 549 1252 aqua
572 1173 692 1252 pluviali
715 1173 847 1233 infusum
870 1173 1014 1232 macerari
1038 1171 1134 1252 dehet,
1157 1171 1208 1231 de·

192 1261 262 1322 inde
286 1262 431 1322 adiciatur
453 1261 514 1320 illic
538 1261 711 1341 sarcocolla,
735 1260 897 1341 glaudium,
921 1263 1031 1341 opium,
1056 1269 1208 1338 tragacan-

193 1350 285 1410 thum.
332 1351 420 1410 Prius
445 1354 523 1410 enim
551 1353 650 1410 omnia
677 1367 813 1410 seorsum
836 1352 980 1409 macerari
1004 1355 1122 1427 oportet
1147 1367 1209 1408 non

193 1439 284 1499 multa
309 1439 373 1498 eius
397 1441 515 1516 generis
539 1457 622 1518 aqua,
646 1439 675 1498 id
696 1445 742 1498 est
760 1436 890 1519 pluviali,
909 1447 943 1498 ut
962 1455 1050 1516 quam
1069 1439 1209 1518 primum,

191 1527 222 1587 id
246 1535 292 1587 est
316 1529 340 1587 si
364 1527 429 1587 fleri
452 1529 564 1605 poterit
586 1527 691 1586 eodem
710 1527 772 1607 die,
801 1527 951 1603 tingantur
970 1525 1104 1606 collyria3
1133 1525 1209 1586 solet
1225 1543 1252 1582 15

193 1617 272 1676 enim
286 1615 343 1676 hoc
359 1615 408 1676 diu
429 1615 597 1693 neglectum
618 1617 758 1676 mortario
778 1617 956 1674 inacescere.
994 1613 1048 1674 llis
1062 1615 1124 1674 fere
1139 1622 1209 1674 utor

192 1706 297 1783 primis
322 1704 427 1764 diebus
448 1703 588 1786 collyriis,
611 1721 671 1763 non
690 1705 754 1763 sine
774 1705 883 1763 ceteris
907 1702 1033 1782 auxiliis,
1051 1709 1142 1781 prout
1159 1721 1209 1763 res

192 1793 336 1874 postulat,
364 1792 542 1852 abstinentia
570 1792 636 1852 dico
666 1799 695 1852 et
724 1793 877 1870 sanguinis
900 1791 1098 1871 detractione,
1126 1790 1209 1851 meli-

157 1892 289 1960 4usque
318 1899 352 1942 ea
380 1883 489 1942 ceteris
516 1881 662 1961 prolicere
690 1879 822 1940 adfirmo.
869 1879 943 1940 Cum
971 1898 1041 1939 vero
1072 1879 1209 1958 pluribus

194 1971 261 2049 quis
276 1968 382 2030 diebus
396 1977 519 2030 vexatus
538 1970 629 2030 fuerit
648 1969 790 2048 epiphora
809 1976 839 2028 et
857 1969 1077 2047 perseverantia
1097 1970 1209 2028 umoris
1225 1986 1254 2024 ao

194 2066 283 2137 atque
306 2060 413 2136 pituita
437 2061 502 2138 ipso
526 2058 623 2118 calore
647 2057 802 2118 oculorum
825 2057 1002 2135 glutinosior
1026 2057 1085 2115 visa
1109 2056 1208 2136 luerit,

194 2147 273 2225 quod
297 2147 359 2206 fero
384 2157 468 2206 sexto
492 2148 655 2225 septimove
679 2146 726 2206 die
751 2145 886 2206 accidere
910 2143 999 2224 solet,
1025 2152 1097 2204 tunc
1121 2144 1207 2223 prod·

194 2242 283 2294 erunt
305 2243 334 2295 et
353 2253 387 2294 ea
407 2234 536 2316 collyria,
561 2253 687 2314 quorum
706 2252 801 2312 genus
821 2235 959 2313 superius
978 2231 1209 2312 inprobavimus,

195 2324 348 2400 conposita
371 2341 406 2382 ex
430 2322 520 2382 rebus
543 2322 712 2404 metallicis,
735 2322 851 2382 facilius
874 2323 954 2382 enim
975 2329 1038 2381 tum
1058 2323 1210 2398 patientur

195 2409 287 2489 oculi,
311 2413 337 2469 si
359 2410 446 2470 modo
470 2410 633 2472 exulcerati
655 2429 714 2471 non
739 2411 864 2490 luerint,
888 2411 1036 2470 iniuriam.
1075 2409 1207 2479 Quorum
1224 2427 1254 2468 as

194 2500 354 2577 praecipue
377 2497 433 2558 hoo
457 2499 530 2558 mihi
553 2499 662 2579 placet,
687 2499 766 2579 quod
791 2518 806 2559 a
830 2499 929 2559 colore
951 2499 1065 2577 phaeon
1090 2497 1208 2560 dicitur.

194 2587 311 2664 Accipit
329 2593 428 2647 autem
446 2586 533 2647 haec:
553 2589 638 2648 Aeris
652 2591 713 2648 usti
727 2587 753 2648 Χ
768 2585 834 2669 Xll,
858 2587 989 2647 cadmiae
1004 2595 1088 2646 ustae
1107 2585 1209 2668 ΧΧΙΙ,

195 2674 277 2734 stibii
305 2677 383 2734 cocti
406 2673 501 2755 liVl,
530 2677 645 2736 acaciae
674 2677 855 2756 chylismatis
879 2675 906 2735 Χ
925 2675 974 2756 Vl,
1003 2677 1084 2735 croci
1102 2675 1128 2734 Χ
1147 2675 1209 2756 llll,

195 2762 274 2823 aloes
298 2761 396 2844 lilll,
425 2765 474 2842 opi
493 2763 518 2822 Χ
537 2762 578 2844 lI,
606 2768 733 2825 castorei
756 2766 904 2825 victoriati
927 2763 1057 2844 pondus,
1080 2781 1208 2843 murrae,

194 2850 263 2930 lycii
285 2851 363 2911 idem
387 2851 537 2932 ponderis
559 2855 686 2930 gummis
706 2853 732 2913 Χ
749 2852 849 2914 XVlll.
887 2853 970 2932 Aqua
993 2851 1113 2930 pluviali
1132 2870 1252 2931 quaeso
1279 2853 1280 2856 ’

195 2947 266 3000 sunt
298 2940 371 3000 dura
403 2948 592 3001 macerantur
624 2949 653 3002 et
683 2941 735 3002 diu
763 2949 915 3021 teruntur,
939 2941 1033 3000 donec
1061 2939 1207 3002 levissima

195 3027 275 3108 liant,
294 3037 396 3106 postea
416 3035 514 3090 celera
534 3028 591 3090 alio
610 3033 752 3090 mortario
772 3029 887 3108 singula
905 3031 975 3090 trita
994 3029 1209 3110 admiscentur3

195 3134 263 3176 cum
295 3116 459 3178 tollendum
492 3126 551 3199 est,
583 3119 614 3179 id
647 3127 693 3179 est
723 3138 791 3180 curn
820 3126 891 3179 sunt
918 3117 1053 3196 lingenda
1081 3116 1208 3197 collyria,

195 3223 335 3284 gummeri
363 3205 499 3268 adicitur.
544 3206 608 3269 Hoc
637 3207 756 3288 qnidam
785 3210 873 3268 etiam
902 3209 932 3266 in
961 3209 1054 3290 initiis
1082 3213 1208 3266 utuntur

266 3341 433 3390 imaierea„
489 3339 708 3404 asprotudinem.
762 3339 988 3391 edraoeoanihi.
1052 3347 1085 3392 21
1106 3338 1209 3406 pituita

195 3422 265 3470 quae
286 3407 384 3472 (cdd).
467 3404 656 3474 gluttinosior.
738 3411 771 3459 27
791 3405 921 3474 accipiat.
996 3413 1029 3462 28
1049 3407 1208 3476 cylismalis.

195 3477 228 3524 31
247 3474 381 3530 derantur.
1277 3489 1278 3500 ¹
