2564 3794
556 120 770 184 ,98-

156 287 236 346 ferro
259 284 316 344 boc
340 282 466 362 pastillo,
490 285 541 360 qui
565 283 722 342 conficitur
745 283 801 342 sic:
824 281 969 342 bluminis
993 283 1057 341 fissi
1079 281 1110 342 P.
1134 281 1170 362 ll,

155 375 305 452 aeruginis
330 372 361 432 P.
381 371 421 450 ll,
445 373 533 430 nrisui
556 373 617 432 usti
640 370 670 430 P.
690 371 731 451 ll,
755 369 890 430 rubricae
917 369 1067 449 Sinopidis
1085 369 1116 430 P.
1136 369 1171 447 tl,

155 464 282 541 gummis
297 461 328 520 P.
344 459 365 520 Ι,
403 459 554 519 Teruntur
573 461 689 538 species
708 461 823 538 priores
838 477 873 518 ex
888 467 971 518 aceto
987 461 1057 538 acri,
1077 458 1171 518 donec

157 552 241 630 quasi
260 549 378 628 collyrii
398 549 544 609 confectio
563 547 643 608 leves
662 548 746 628 frant3
765 547 902 608 ultimum
918 549 1030 624 gummi
1044 546 1171 607 adicitur

156 649 186 699 et
209 639 363 716 finguntur
386 636 503 717 pastilli,
527 638 579 714 qui
601 637 637 694 ad
661 639 759 696 omnia
781 636 881 696 ulcera
901 635 1014 695 faciunt
1031 654 1106 713 aqua
1126 635 1199 694 din

155 728 210 788 luti
231 725 383 805 emplastri
408 743 489 784 more
508 727 639 805 inpositi,
663 743 731 784 cum
751 731 802 784 aut
821 732 954 784 tumores
974 724 1173 803 conpescendi

156 823 226 876 sunt
258 823 308 876 aut
341 815 496 874 cicatrices
530 813 694 893 sedandac3
730 813 781 872 sed
813 811 1016 890 aquationibus
1048 812 1095 871 bis
1127 814 1173 872 uti

157 911 288 984 oportet,
319 921 387 963 cum
416 904 537 962 cicatrix
569 901 702 961 ducenda
727 909 785 980 cst,
818 911 851 961 ut
878 900 994 960 facilius
1022 899 1172 960 auriculae

156 994 336 1052 inserantur.
373 990 453 1050 Bene
476 991 589 1050 faciunt
612 989 691 1049 idem
716 997 745 1050 et
769 989 803 1048 ad
825 1007 913 1048 nares
932 988 1065 1067 qualibet
1084 1006 1172 1050 causa

104 1093 137 1141 39
157 1080 341 1140 exulceratas
365 1089 395 1138 et
418 1081 547 1156 graviter
570 1078 692 1138 olentes
729 1078 859 1138 brancas
882 1079 1014 1137 viventes
1038 1079 1069 1136 in
1088 1085 1171 1137 aceto
1187 1098 1216 1137 1o

157 1166 321 1228 macerabis
346 1177 376 1226 et
399 1169 442 1226 sic
466 1177 604 1226 conteres
627 1174 715 1244 atque
739 1166 808 1226 inde
831 1184 933 1226 aurem
958 1165 1049 1244 elueS,
1073 1167 1171 1225 statim

103 1268 137 1316 4ο
157 1255 298 1335 proderit.
339 1253 406 1335 Mel,
431 1253 569 1332 butyrum
594 1263 623 1313 et
647 1255 743 1314 oleum
768 1272 923 1315 rosaceum
947 1257 1010 1332 pari
1033 1272 1172 1314 mensura
1261 1311 1262 1314 ,

104 1357 136 1404 41
158 1343 304 1422 permisce
333 1361 368 1402 ac
393 1342 525 1420 tepidum
555 1342 704 1401 auriculae
733 1341 844 1402 dolenti
873 1343 1005 1402 infunde.
1051 1341 1103 1402 Fel
1127 1359 1172 1402 ca-

158 1449 288 1510 prunum
322 1440 350 1491 et
384 1430 481 1490 oleum
514 1430 729 1509 amygdalinum
763 1433 826 1509 pari
859 1449 998 1490 mensura
1026 1432 1172 1508 permisce
1261 1427 1262 1446 l

104 1531 137 1579 42
157 1519 350 1597 tepidumque
377 1519 522 1579 laboranti
551 1519 699 1579 auriculae
725 1518 843 1578 instilla.
889 1518 1029 1579 Putorem
1054 1519 1213 1578 sordes-15

158 1626 216 1687 que
249 1607 399 1668 auriculae
432 1609 542 1685 optime
576 1616 661 1667 curat
689 1607 862 1667 cucurbitae
890 1608 995 1667 viridis
1023 1625 1121 1668 sucus,
1142 1616 1173 1668 et

104 1709 138 1757 43
158 1714 266 1776 porrus
300 1699 446 1774 capitatus
479 1714 545 1755 cum
577 1695 641 1755 oleo
670 1696 811 1755 decoctus
839 1703 928 1774 atque
956 1695 1081 1756 infusus.
1127 1695 1172 1755 bd

159 1785 308 1845 auriculae
332 1785 463 1844 dolorem
488 1784 621 1844 hastulae
643 1787 742 1862 regiae
761 1771 870 1844 radicis
889 1802 1067 1845 sucuslcum
1086 1783 1172 1844 melle

158 1873 204 1932 vel
232 1875 299 1932 vino
328 1872 509 1952 infunditur,
538 1872 687 1933 interdum
716 1873 873 1932 admisceri
901 1879 1019 1950 oportet
1042 1874 1119 1931 turis
1143 1882 1173 1932 et
1261 1927 1262 1936 ,

159 1979 274 2040 myrrae
312 1970 426 2039 partem
459 1962 505 2021 vel
538 1963 673 2040 capparis
706 1960 844 2020 foliorum
877 1979 981 2020 sucum
1013 1961 1217 2020 infunderem
1261 2011 1262 2014 ,

158 2049 205 2110 uel
239 2057 323 2110 rutae
356 2068 461 2111 sucum
495 2057 545 2110 aut
578 2053 642 2109 eius
677 2067 779 2108 semen
811 2051 915 2108 tritum
949 2067 1017 2108 cum
1047 2067 1114 2108 rosa
1144 2057 1174 2110 et

158 2137 277 2198 lentisci
301 2157 405 2198 sucum
430 2157 497 2198 cum
522 2156 587 2197 rosa
612 2137 795 2216 amygdalino
817 2141 884 2196 vino
904 2137 1033 2197 admixto
1057 2137 1175 2198 infundi

105 2238 140 2285 44
160 2234 285 2304 oportet.
333 2225 364 2286 Si
392 2244 448 2302 pus
471 2234 522 2285 aut
545 2227 642 2284 sanies
665 2224 796 2284 manabit
819 2243 854 2284 ex
878 2243 962 2304 aure,
991 2226 1102 2286 malvae
1126 2245 1174 2286 su-

160 2332 228 2374 cum
256 2315 323 2373 vino
352 2313 534 2391 amygdalino
563 2315 719 2374 inmixtum
748 2313 794 2373 vel
822 2332 894 2374 suco
922 2332 1007 2374 rosae
1035 2313 1081 2373 rel
1109 2313 1174 2374 oleo

160 2419 282 2461 rosaceo
314 2401 495 2481 tepefactum
527 2401 663 2461 instillari
696 2410 827 2482 oportet,
863 2405 1002 2481 protinus
1035 2403 1173 2462 effectum
1189 2423 1218 2464 as

108 2502 141 2549 45
162 2488 322 2549 exhibebit.
369 2489 550 2550 Draconteae
574 2507 664 2550 sucus
688 2498 739 2550 aut
763 2508 864 2550 semen
887 2493 990 2551 tritum
1015 2510 1083 2551 cum
1107 2509 1176 2551 rosa

161 2585 213 2638 aut
243 2577 426 2656 amygdalino
459 2580 526 2637 vino
555 2578 685 2638 infusum
713 2578 888 2656 purulentae
917 2579 1066 2640 auriculae
1099 2582 1175 2639 sani-

107 2674 252 2726 totalem
282 2668 485 2725 maturrimam
518 2674 655 2743 praestat.
702 2666 829 2740 Crocum
861 2669 965 2728 tritum
998 2685 1066 2728 cum
1099 2667 1175 2727 lacto

161 2753 299 2814 muliebri
331 2757 356 2814 si
386 2754 560 2837 instilletur,
592 2758 702 2815 tumori
734 2757 815 2815 auris
847 2756 1009 2833 plurimum
1043 2755 1174 2833 prodest.

107 2855 141 2902 47
161 2842 313 2921 Hysopum
341 2853 500 2904 contusum
518 2852 557 2904 .et
585 2843 747 2905 cribratum
776 2862 843 2904 cum
872 2853 955 2904 aceto
983 2853 1013 2902 et
1040 2845 1119 2903 nitro
1144 2850 1219 2902 etto

161 2930 246 2990 melle
274 2931 406 2992 infusum
434 2932 510 2992 bene
544 2934 613 2993 facit
646 2933 681 2992 ad
711 2933 836 2993 tinnitus
863 2933 977 2992 aurium
1007 2941 1095 3009 atque
1128 2932 1173 2991 in·

160 3019 308 3097 ssationes,
335 3021 386 3080 sed
410 3021 516 3080 melius
540 3023 564 3081 si
589 3023 743 3100 cyprinum
767 3019 864 3080 oleum
888 3020 1050 3080 admixtum
1073 3019 1174 3080 fuerit.

107 3119 141 3168 48
161 3108 203 3167 Ad
228 3115 361 3168 tumores
385 3117 414 3169 et
438 3110 471 3169 ad
496 3109 614 3169 dolores
637 3111 717 3169 auris
740 3108 862 3186 prodest
885 3110 965 3168 croci
988 3116 1018 3167 et
1041 3110 1100 3187 opii
1120 3127 1176 3186 par

108 3208 141 3256 49
161 3197 278 3276 pondus
302 3216 337 3257 ex
361 3216 435 3276 aqua
459 3200 563 3258 tritum
588 3208 638 3258 ant
662 3216 697 3257 ex
721 3199 788 3256 vino
812 3199 894 3256 tenui
918 3197 1058 3256 infusum.
1096 3197 1175 3276 Opo-

232 3331 357 3386 2rubici
377 3333 526 3387 senobidis.
582 3331 738 3402 bpasielli.
794 3330 943 3398 8oportib.
996 3331 1175 3389 9inferatur.

162 3409 194 3455 12
214 3420 358 3458 rosaceum
377 3409 393 3458 1
400 3421 427 3456 m
445 3403 583 3458 rosecium
602 3409 664 3458 2m.
743 3408 774 3455 13
796 3417 947 3470 ecprunum
967 3407 1016 3456 tm
1034 3420 1176 3472 aprunum

160 3475 220 3527 2m.
277 3481 309 3528 17
330 3475 419 3528 asclae
438 3473 527 3542 rigiae
546 3473 662 3528 radices.
717 3478 751 3526 34
769 3471 891 3524 infusum
909 3474 1027 3542 prodest
1044 3478 1177 3546 (repetit).
1261 3513 1262 3540 ;
